@ARTICLE{Pascanu2013,
    author = {Pascanu, R. and Gulcehre, C. and Cho, K. and Bengio, Y.},
    title = {How to Construct Deep Recurrent Neural Networks},
    journal = {ar{X}iv:{\tt 1312.6026 [cs.NE]}},
    year = 2013,
    month = dec,
}

@inproceedings{Zou2013,
  author    = {Will Y. Zou and
               Richard Socher and
               Daniel M. Cer and
               Christopher D. Manning},
  title     = {Bilingual Word Embeddings for Phrase-Based Machine Translation},
  pages     = {1393-1398},
  booktitle = {EMNLP},
  publisher = {ACL},
  year      = {2013},
}

@inproceedings{Son2012,
 author = {Son, Le Hai and Allauzen, Alexandre and Yvon, Fran\c{c}ois},
 title = {Continuous Space Translation Models with Neural Networks},
 booktitle = {Proceedings of the 2012 Conference of the North American Chapter of the Association for Computational Linguistics: Human Language Technologies},
 series = {NAACL HLT '12},
 year = {2012},
 location = {Montreal, Canada},
 pages = {39--48},
 publisher = {Association for Computational Linguistics},
 address = {Stroudsburg, PA, USA},
} 

@inproceedings{Schwenk2012,
  author    = {Holger Schwenk},
  title     = {Continuous Space Translation Models for Phrase-Based Statistical
               Machine Translation},
  year      = {2012},
  pages     = {1071-1080},
  editor    = {Martin Kay and
               Christian Boitet},
  title     = {COLING 2012, 24th International Conference on Computational
               Linguistics, Proceedings of the Conference: Posters, 8-15
               December 2012, Mumbai, India},
  booktitle = {COLING},
  publisher = {Indian Institute of Technology Bombay},
  year      = {2012},
}

@article{Bengio2003,
    author = {Bengio, Yoshua and Ducharme, R{\'e}jean and Vincent, Pascal and Janvin, Christian},
    title = {A Neural Probabilistic Language Model},
    journal = {J. Mach. Learn. Res.},
    volume = {3},
    month = mar,
    year = {2003},
    pages = {1137--1155},
    publisher = {JMLR.org},
} 

@inproceedings{Marcu2002,
    author = {Marcu, Daniel and Wong, William},
    title = {A Phrase-based, Joint Probability Model for Statistical Machine Translation},
    booktitle = {Proceedings of the ACL-02 Conference on Empirical Methods in Natural Language Processing - Volume 10},
    series = {EMNLP '02},
    year = {2002},
    pages = {133--139},
    publisher = {Association for Computational Linguistics},
    address = {Stroudsburg, PA, USA},
} 

@inproceedings{Koehn2003,
    author = {Koehn, Philipp and Och, Franz Josef and Marcu, Daniel},
    title = {Statistical Phrase-based Translation},
    booktitle = {Proceedings of the 2003 Conference of the North American Chapter of the Association for Computational Linguistics on Human Language Technology - Volume 1},
    series = {NAACL '03},
    year = {2003},
    location = {Edmonton, Canada},
    pages = {48--54},
    publisher = {Association for Computational Linguistics},
    address = {Stroudsburg, PA, USA},
} 

@book{Koehn2010,
    author = {Koehn, Philipp},
    title = {Statistical Machine Translation},
    year = {2010},
    isbn = {0521874157, 9780521874151},
    edition = {1st},
    publisher = {Cambridge University Press},
    address = {New York, NY, USA},
} 

@ARTICLE{Chen2013,
    author = {Chen, J. and Deng, L.},
    title = {A New Method for Learning Deep Recurrent Neural
        Networks},
    journal = {ar{X}iv:{\tt 1311.6091 [cs.LG]}},
    year = 2013,
    month = nov,
}

@ARTICLE{Pinheiro2013,
    author = {Pinheiro, P. and Collobert, R.},
    title = {Recurrent Convolutional Neural Networks for Scene Parsing},
    journal = {ar{X}iv:{\tt 1306.2795 [cs.CV]}},
    year = 2013,
    month = jun,
}

@techreport{Jaeger2007,
    title = {Discovering multiscale dynamical features with
    hierarchical Echo State Networks},
    author = {H. Jaeger},
    institution = {Jacobs University},
    year= {2007}
}

@article{Marcus1993,
    author = {Marcus, Mitchell P. and Marcinkiewicz, Mary Ann and Santorini, Beatrice},
    title = {Building a Large Annotated Corpus of English: The
        {P}enn {T}reebank},
    journal = {Computational Linguistics},
    volume = {19},
    number = {2},
    month = jun,
    year = {1993},
    pages = {313--330},
    publisher = {MIT Press},
    address = {Cambridge, MA, USA},
} 

@ARTICLE{Graves2013,
    author = {{Graves}, A.},
    title = {Generating Sequences With Recurrent Neural Networks},
    journal = {ar{X}iv:{\tt 1308.0850 [cs.NE]}},
    year = 2013,
    month = aug,
}

@ARTICLE{Schmidhuber1992,
    author = {Schmidhuber, J.},
    title = {Learning Complex, Extended Sequences Using the Principle of History Compression},
    journal = {Neural Computation},
    pages = {234--242},
    number = 4,
    year = 1992,
    month = aug,
}

@incollection{Hermans2013,
    title = {Training and Analysing Deep Recurrent Neural Networks},
    author = {Michiel Hermans and Benjamin Schrauwen},
    booktitle = {Advances in Neural Information Processing
        Systems 26},
    pages = {190--198},
    year = {2013},
}

@incollection{Mikolov2013,
    title = {Distributed Representations of Words and Phrases and
    their Compositionality},
    author = {Tomas Mikolov and Ilya Sutskever and Kai Chen and Greg
        Corrado and Jeff Dean},
    booktitle = {Advances in Neural Information Processing
        Systems 26},
    pages = {3111--3119},
    year = {2013},
}

@INPROCEEDINGS{Mikolov2010,
    author = {Tomas Mikolov and Martin Karafi\'{a}t and Lukas
        Burget and Jan Cernocky and Sanjeev Khudanpur},
    title = {Recurrent neural network based language model},
    pages = {1045--1048},
    booktitle = {Proceedings of the 11th Annual Conference of the
            International Speech Communication
            Association (INTERSPEECH
                    2010)},
    volume = {2010},
    number = {9},
    year = {2010},
    location = {Makuhari, Chiba, JP},
    publisher = {International
        Speech Communication
            Association},
}


@article{hochreiter1997long,
    title={Long short-term memory},
    author={Hochreiter, S. and Schmidhuber, J.},
    journal={Neural Computation},
    volume={9},
    number={8},
    pages={1735--1780},
    year={1997},
    publisher={MIT Press}
}

@techreport{jaeger01,
    title = {The "echo state" approach to analysing and training recurrent neural networks},
    author = {H. Jaeger},
    institution = { German National Research Center for Information Technology},
    year= {2001}
}

@article{Graves09,
    title = { A Novel Connectionist System for Improved Unconstrained Handwriting Recognition},
    author = { Graves, A. and Liwicki, M. and Fernandez, S. and Bertolami, R. and  Bunke, H. and Schmidhuber, J.  },
    journal = {IEEE Transactions on Pattern Analysis and Machine Intelligence},
    year = {2009}
}

@article{Graves13speech,
    title={Speech Recognition with Deep Recurrent Neural Networks},
    author={ Graves, A. and Mohamed, A. and Hinton, G.},
    journal={ICASSP},
    year={2013}}

@ARTICLE{Cho2013,
    author = {{Cho}, K.},
    title = {{B}oltzmann Machines and Denoising Autoencoders for Image
        Denoising},
    journal = {ar{X}iv:{\tt 1301.3468 [stat.ML]}},
    year = 2013,
    month = jan,
}

@article{Cho2013nc,
    author = {Cho, KyungHyun and Raiko, Tapani and Ilin, Alexander},
    title = {Enhanced gradient for training restricted {B}oltzmann machines},
    journal = {Neural Computation},
    issue_date = {March 2013},
    volume = {25},
    number = {3},
    month = mar,
    year = {2013},
    pages = {805--831},
    numpages = {27},
    publisher = {MIT Press},
    address = {Cambridge, MA, USA},
} 

@inproceedings{Cho2012dlufl,
  author = {KyungHyun Cho and Tapani Raiko and Alexander Ilin and Juha Karhunen},
  title = {{A Two-Stage Pretraining Algorithm for Deep Boltzmann Machines}},
  booktitle = {NIPS 2012 Workshop on Deep Learning and Unsupervised Feature Learning},
  address = {Lake Tahoe},
  month = dec,
  year = {2012}
}

@ARTICLE{Saul1996,
    author = {Lawrence K. Saul and Tommi Jaakkola and Michael I. Jordan},
    title = {Mean Field Theory for Sigmoid Belief Networks},
    journal = {Journal of Artificial Intelligence Research},
    year = {1996},
    volume = {4},
    pages = {61--76}
}

@article{Jordan1999,
    author = {Jordan, Michael I. and Ghahramani, Zoubin and Jaakkola, Tommi S. and Saul, Lawrence K.},
    title = {An Introduction to Variational Methods for Graphical Models},
    journal = {Machine Learning},
    volume = {37},
    number = {2},
    month = nov,
    year = {1999},
    pages = {183--233},
    publisher = {Kluwer Academic Publishers},
    address = {Hingham, MA, USA},
} 

@ARTICLE{Huang2006tnn,
    author={Guang-Bin Huang and Lei Chen and Chee-Kheong Siew}, 
    journal={IEEE Transactions on Neural Networks}, 
    title={Universal approximation using incremental constructive feedforward
        networks with random hidden nodes}, 
    year={2006}, 
    volume={17}, 
    number={4}, 
    pages={879-892}, 
}

@ARTICLE{Graves2013,
    author = {{Graves}, A.},
    title = {Generating Sequences with Recurrent Neural Networks},
    journal = {ar{X}iv:{\tt 1308.0850 [cs.NE]}},
    year = 2013,
    month = aug,
}

@ARTICLE{Bengio2013sto,
    author = {{Bengio}, Y.},
    title = {Estimating or Propagating Gradients Through Stochastic Neurons},
    journal = {ar{X}iv:{\tt 1305.2982 [cs.LG]}},
    year = 2013,
    month = may,
}

@ARTICLE{Bengio2013gsn,
    author = {{Bengio}, Y. and {Thibodeau-Laufer}, {\'E}.},
    title = {Deep Generative Stochastic Networks Trainable by
        Backprop},
    journal = {ar{X}iv:{\tt 1306.1091 [cs.LG]}},
    year = 2013,
    month = jun,
}

@inproceedings{Tang2013,
  author = {Tang, Yichuan and Salakhutdinov, Ruslan},
  title = {A New Learning Algorithm for Stochastic Feedforward Neural Networks},
  booktitle = {ICML 2013 Workshop on Challenges in Representation Learning},
  address = {Atlanta, Georgia},
  month = jun,
  year = {2013}
}

@inproceedings{Mnih2011,
    Author = {Volodymyr Mnih and Hugo Larochelle and Geoffrey Hinton},
    Booktitle = {Proceedings of the 27th International Conference on Uncertainty in
        Artificial Intelligence (UAI 2011)},
    Title = {Conditional Restricted {B}oltzmann Machines for Structured Output
        Prediction},
    Year = {2011},
    editor={Fabio G. Cozman and Avi Pfeffer}, 
    pages={514--522},
    month = jul,
}

@ARTICLE{Bengio2013future,
    author = {{Bengio}, Y.},
    title = {Deep Learning of Representations: Looking Forward},
    journal = {ar{X}iv:{\tt 1305.0445 [cs.LG]}},
    journal = {ArXiv e-prints},
    year = 2013,
    month = may,
}


@book{Barber2012,
    title={Bayesian Reasoning and Machine Learning},
    author={Barber, D.},
    year={2012},
    publisher={Cambridge University Press}
}

@book{Minsky1969,
    title={Perceptrons: An Introduction to Computational Geometry},
    author={Minsky, M.L. and Papert, S.},
    year={1969},
    publisher={MIT Press}
}

@book{Broomhead1988,
    title={Radial Basis Functions, Multi-variable Functional Interpolation and
        Adaptive Networks},
    author={Broomhead, D.S. and Lowe, D.},
    series={RSRE memorandum / Royal Signals and Radar Establishment},
    year={1988},
    publisher={Royals Signals \& Radar Establishment}
}

@ARTICLE{Goodfellow2013,
    author = {{Goodfellow}, I. and {Warde-Farley}, D. and {Mirza}, M. and 
        {Courville}, A. and {Bengio}, Y.},
    title = {{Maxout Networks}},
    journal = {ar{X}iv:{\tt 1302.4389 [stat.ML]}},
    year = 2013,
    month = feb,
}

@ARTICLE{Brochu2010,
    author = {{Brochu}, E. and {Cora}, V.~M. and {de Freitas}, N.},
    title = {A Tutorial on {B}ayesian Optimization of Expensive Cost
        Functions, with Application to Active User Modeling and
            Hierarchical Reinforcement Learning},
    journal = {ar{X}iv:{\tt 1012.2599 [cs.LG]}},
    year = 2010,
    month = dec,
}

@ARTICLE{Kavukcuoglu2010,
    author = {{Kavukcuoglu}, K. and {Ranzato}, M. and {LeCun}, Y.},
    title = {Fast Inference in Sparse Coding Algorithms with
        Applications to Object Recognition},
    journal = {ar{X}iv:{\tt 1010.3467 [cs.CV]}},
    year = 2010,
    month = oct,
}

@ARTICLE{Hinton2012,
    author = {{Hinton}, G. and {Srivastava}, N. and {Krizhevsky}, A. and {Sutskever}, I. and {Salakhutdinov}, R.},
    title = {{Improving neural networks by preventing co-adaptation of feature detectors}},
    journal = {ar{X}iv:{\tt 1207.0580 [cs.NE]}},
    year = 2012,
    month = jul
}

@ARTICLE{Desjardins2012,
    author = {{Desjardins}, G. and {Courville}, A. and {Bengio}, Y.},
    title = {On Training Deep {B}oltzmann Machines},
    journal = {ar{X}iv:{\tt 1203.4416 [cs.NE]}},
    year = 2012,
    month = mar,
}

@article{Ciresan2010,
    author = {Ciresan, DC and Meier, Ueli and Gambardella, LM},
    title = {{Deep Big Simple Neural Nets Excel on Handwritten Digit Recognition}},
    journal = {ar{X}iv:{\tt 1003.0358 [cs.NE]}},
    journal   = {CoRR},
    volume    = {abs/1003.0358},
    year      = {2010},
    arxivId = {arXiv:1003.0358v1},
    ee        = {http://arxiv.org/abs/1003.0358},
    bibsource = {DBLP, http://dblp.uni-trier.de}
}

@INPROCEEDINGS{Glorot2011,
    author = {Glorot, Xavier and Bordes, Antoine and Bengio, Yoshua},
    month = apr,
    title = {Deep Sparse Rectifier Neural Networks},
    booktitle = {Proceedings of the Fourteenth
        International Conference on Artificial Intelligence
            and Statistics (AISTATS 2011)},
    publisher = {JMLR W\&CP},
    series = {JMLR Workshop and Conference Proceedings},
    pages = {315--323},
    volume = {15},
    year = {2011},
}

@INPROCEEDINGS{Mesnil2012,
    author = {Mesnil, Gr{\'{e}}goire and Dauphin, Yann and Glorot, Xavier
        and Rifai, Salah and Bengio, Yoshua and Goodfellow, Ian and Lavoie,
        Erick and Muller, Xavier and Desjardins, Guillaume and
            Warde-Farley, David and Vincent, Pascal and Courville, Aaron
            and Bergstra, James},
    editor = {Guyon, Isabelle and Dror, G. and Lemaire, V and Taylor, G. and Silver, D.},
    title = {Unsupervised and Transfer Learning Challenge: a Deep Learning approach},
    booktitle = {Proceedings of the Unsupervised and Transfer Learning Challenge and Workshop},
    publisher = {JMLR W\&CP},
    series = {JMLR Workshop and Conference Proceedings},
    volume = {27},
    year = {2012},
    pages = {97--110},
}

@INPROCEEDINGS{Guyon2011, 
    author={Guyon, I. and Dror, G. and Lemaire, V. and Taylor, G. and Aha, D.W.}, 
    booktitle={Proceedings of the 2011 International Joint Conference on Neural Networks (IJCNN
            2011)}, 
    title={Unsupervised and transfer learning challenge}, 
    year={2011}, 
    pages={793--800}
}

@inproceedings{Socher2011,
    Publisher = {ACM}, 
    Address = {New York, NY, USA}, 
    Author = {Richard Socher and Cliff C. Lin and Andrew Ng and Chris Manning}, 
    Booktitle = {Proceedings of the 28th International
        Conference on Machine Learning (ICML 2011)}, 
    Title = {Parsing Natural Scenes and Natural Language
        with Recursive Neural Networks}, 
    Editor = {Lise Getoor and Tobias Scheffer}, 
    Year = {2011}, 
    Pages = {129--136} 
}

@book{Neal1996,
    author = {Neal, Radford},
    title = {Bayesian Learning for Neural Networks},
    year = {1996},
    publisher = {Springer-Verlag New York, Inc.},
    address = {Secaucus, NJ, USA},
} 

@Article{Bengio2013pami,
    AUTHOR = {Bengio, Yoshua and Courville, Aaron and Vincent, Pascal},
    TITLE = {Representation Learning: A Review and New Perspectives.},
    JOURNAL = {IEEE Transactions on Pattern Analysis and Machine Intelligence},
    VOLUME = {35},
    NUMBER = {8},
    YEAR = {2013},
    PAGES = {1798--1828},
}

@article{Dahl2012,
    author = {Dahl, George and Dong Yu and Li Deng and Acero, A.},
    title = {Context-Dependent Pre-Trained Deep Neural Networks for Large-Vocabulary Speech Recognition},
    journal = {IEEE Transactions on Audio, Speech, and Language Processing}, 
    issue_date = {January 2012},
    volume = {20},
    number = {1},
    month = jan,
    year = {2012},
    pages = {30--42},
    numpages = {13},
    publisher = {IEEE Press},
    address = {Piscataway, NJ, USA},
} 

@incollection{Bergstra2011,
    title ={Algorithms for Hyper-Parameter Optimization},
    author={James Bergstra and Rémi Bardenet and Yoshua Bengio and Balázs
        Kégl},
    booktitle = {Advances in Neural Information Processing Systems 24},
    editor = {J. Shawe-Taylor and R.S. Zemel and P. Bartlett and F.C.N.
        Pereira and K.Q. Weinberger},
    pages = {2546--2554},
    year = {2011}
}


@incollection{Snoek2012,
    title ={Practical {B}ayesian Optimization of Machine Learning Algorithms},
    author={Jasper Snoek and Hugo Larochelle and Ryan Adams},
    booktitle = {Advances in Neural Information Processing Systems 25},
    editor = {P. Bartlett and F.C.N. Pereira and C.J.C. Burges and L. Bottou and
        K.Q. Weinberger},
    pages = {2960--2968},
    year = {2012},
}

@INPROCEEDINGS{Sovilj2010, 
    author={Sovilj, D. and Raiko, T. and Oja, E.}, 
    booktitle={Proceedings of the 2010 International Joint Conference
        on Neural Networks (IJCNN 2010)}, 
    title={Extending Self-Organizing Maps with uncertainty information of probabilistic PCA}, 
    year={2010}, 
    month=jul,
    pages={1--7}, 
}

@article{Hoerl1970,
    author = {Hoerl, Arthur E. and Kennard, Robert W.},
    title = {Ridge Regression: Biased Estimation for Nonorthogonal Problems},
    journal = {Technometrics},
    volume = {12},
    number = {1},
    pages = {55--67},
    year = {1970},
}

@book{Murphy2012,
    title={Machine Learning: A Probabilistic Perspective},
    author={Murphy, K.P.},
    series={Adaptive Computation and Machine Learning Series},
    year={2012},
    publisher={Mit Press}
}

@incollection{Ranzato2007,
    title = {Efficient Learning of Sparse Representations with an Energy-Based Model},
    author = {Marc'Aurelio Ranzato and Christopher Poultney and Sumit Chopra and
        Yann {LeCun}},
    booktitle = {Advances in Neural Information Processing Systems 19},
    editor = {B. Sch\"{o}lkopf and J. Platt and T.  Hoffman},
    publisher = {MIT Press},
    address = {Cambridge, MA},
    pages = {1137--1144},
    year = {2007}
}


@article{Hinton2012sp,
    title = {Deep Neural Networks for Acoustic Modeling in Speech Recognition},
    author  = {Geoffrey Hinton and Li Deng and Dong Yu and George Dahl and
        {Abdel-rahman} Mohamed and Navdeep Jaitly and Andrew Senior and Vincent
            Vanhoucke and Patrick Nguyen and Tara Sainath and Brian Kingsbury},
    year  = 2012,
    journal = {Signal Processing Magazine},
    pages = {82--97},
    volume = {29},
    number = {6},
}

@article{Kohonen1982,
    year={1982},
    journal={Biological Cybernetics},
    volume={43},
    number={1},
    title={Self-organized formation of topologically correct feature maps},
    publisher={Springer-Verlag},
    author={Kohonen, Teuvo},
    pages={59--69},
}

@incollection{Desjardins2011,
    title ={On Tracking The Partition Function},
    author={Guillaume Desjardins and Aaron Courville and Yoshua Bengio},
    booktitle = {Advances in Neural Information Processing Systems 24},
    editor = {J. Shawe-Taylor and R.S. Zemel and P. Bartlett and F.C.N.
        Pereira and K.Q. Weinberger},
    pages = {2501--2509},
    year = {2011}
}

@TechReport{Salakhutdinov2008,
    author =      {Salakhutdinov, Ruslan},
    title =       {Learning and Evaluating {B}oltzmann Machines},
    institution =  {{Department of Computer Science, University of
        Toronto}},
    year =        2008,
    month =       jun,
    number =      {{UTML TR 2008-002}},
}

@inproceedings{Salakhutdinov2008a,
    author =      {Salakhutdinov, Ruslan and Murray, Iain},
    title = {On the Quantatitive Analysis of Deep Belief Networks},
    booktitle = {Proceedings of the 25th International Conference on Machine
        learning (ICML 2008)},
    year = {2008},
    location = {Helsinki, Finland},
    pages = {872--879},
    numpages = {8},
    publisher = {ACM},
    address = {New York, NY, USA},
} 

@article{Raiko2007,
    author = {Raiko, Tapani and Valpola, Harri and Harva, Markus and Karhunen, Juha},
    title = {Building Blocks for Variational {B}ayesian Learning of Latent Variable Models},
    journal = {Journal of Machine Learning Research},
    issue_date = {5/1/2007},
    volume = {8},
    month = may,
    year = {2007},
    pages = {155--201},
    numpages = {47},
    publisher = {JMLR.org},
} 

@inproceedings {Montavon2012ai,
    title = {Deep {B}oltzmann Machines as Feed-Forward Hierarchies},
    author = {Gr\'{e}goire Montavon and Mikio L. Braun and Klaus-Robert M\"{u}ller},
    booktitle = {Proceedings of the Fifteenth Internation Conference on Artificial Intelligence and
                 Statistics (AISTATS 2012)},
    location = {La Palma, Canary Islands, Spain},
    month = apr,
    year = {2012},
    publisher = {JMLR W\&CP},
    series = {JMLR Workshop and Conference Proceedings},
    volume = {22},
    pages = {798--804},
}

@inproceedings{Desjardins2013,
    author    = {Desjardins, Guillaume and Pascanu, Razvan and Courville, Aaron
        and Bengio, Yoshua},
    title     = {Metric-Free Natural Gradient for Joint-Training of {B}oltzmann
        Machines},
    year      = {2013},
    month = may,
    booktitle     = {Proceedings of the First International Conference on Learning
        Representations (ICLR 2013)},
}

@article{Teh2003,
    author = {Teh, Yee-Whye and Welling, Max and Osindero, Simon and Hinton,
        Geoffrey},
    title = {Energy-based models for sparse overcomplete representations},
    journal = {Journal of Machine Learning Research},
    issue_date = {12/1/2003},
    volume = {4},
    month = dec,
    year = {2003},
    pages = {1235--1260},
    numpages = {26},
    publisher = {JMLR.org},
} 

@article{Roux2010,
    author = {{Le Roux}, Nicolas and Bengio, Yoshua},
    title = {Deep belief networks are compact universal approximators},
    journal = {Neural Computation},
    issue_date = {August 2010},
    volume = {22},
    number = {8},
    month = aug,
    year = {2010},
    pages = {2192--2207},
    numpages = {16},
    publisher = {MIT Press},
    address = {Cambridge, MA, USA},
} 

@article{Hammer2003,
    year={2003},
    journal={Neural Processing Letters},
    volume={17},
    issue={1},
    title={A Note on the Universal Approximation Capability of Support Vector Machines},
    publisher={Kluwer Academic Publishers},
    author={Hammer, Barbara and Gersmann, Kai},
    pages={43--53},
}

@incollection{Lappalainen2000,
    year={2000},
    booktitle={Advances in Independent Component Analysis},
    series={Perspectives in Neural Computing},
    editor={Girolami, Mark},
    title={Bayesian Non-Linear Independent Component Analysis by Multi-Layer
        Perceptrons},
    publisher={Springer London},
    author={Lappalainen, Harri and Honkela, Antti},
    pages={93-121},
    language={English}
}

@inproceedings{Karhunen1996,
    author    = {Juha Karhunen},
    title     = {Neural approaches to independent component analysis and source separation},
    booktitle = {ESANN},
    year      = {1996},
    title     = {ESANN 1996, 4th European Symposium on Artificial Neural
        Networks, Bruges, Belgium, April 24-26, 1996,
        Proceedings},
    booktitle = {ESANN},
    year      = {1996},
}

@article{Oja1997,
    author = {Oja, Erkki},
    journal = {Neurocomputing},
    number = {1},
    pages = {25--45},
    title = {The nonlinear {PCA} learning rule in independent component analysis},
    volume = {17},
    year = {1997}
}

@article{Olshausen1997,
    author = {Olshausen, B. A. and Field, D. J.},
    journal = {Vision Res},
    pages = {3311--3325},
    title = {Sparse coding with an overcomplete basis set: a strategy employed
        by {V1}?},
    volume = 37,
    number = 23,
    year = 1997
}

@article{Bell1995,
    author = {Bell, Anthony J. and Sejnowski, Terrence J.},
    title = {An information-maximization approach to blind separation and
        blind deconvolution},
    journal = {Neural Computation},
    issue_date = {Nov. 1995},
    volume = {7},
    number = {6},
    month = nov,
    year = {1995},
    pages = {1129--1159},
    publisher = {MIT Press},
    address = {Cambridge, MA, USA},
} 

@article{Hinton2007,
    author = {Hinton, G.},
    journal = {Progress in brain research},
    pages = {535--547},
    title = {To recognize shapes, first learn to generate images},
    volume = {165},
    year = {2007}
}

@inproceedings{Larochelle2008,
    author = {Larochelle, Hugo and Bengio, Yoshua},
    title = {Classification using discriminative restricted {B}oltzmann machines},
    booktitle = {Proceedings of the 25th International Conference on Machine
        learning (ICML 2008)},
    year = {2008},
    location = {Helsinki, Finland},
    pages = {536--543},
    numpages = {8},
    publisher = {ACM},
    address = {New York, NY, USA},
} 

@article{Salakhutdinov2009s,
    author = {Salakhutdinov, Ruslan and Hinton, Geoffrey},
    title = {Semantic hashing},
    journal = {International Journal of Approximate Reasoning}, 
    issue_date = {July, 2009},
    volume = {50},
    number = {7},
    month = jul,
    year = {2009},
    pages = {969--978},
    numpages = {10},
    publisher = {Elsevier Science Inc.},
    address = {New York, NY, USA},
} 

@inproceedings{Salakhutdinov2007,
    author = {Salakhutdinov, Ruslan and Mnih, Andriy and Hinton, Geoffrey},
    title = {Restricted {B}oltzmann machines for collaborative filtering},
    booktitle = {Proceedings of the 24th international conference on Machine
        learning (ICML 2007)},
    year = {2007},
    location = {Corvalis, Oregon},
    pages = {791--798},
    numpages = {8},
    publisher = {ACM},
    address = {New York, NY, USA},
} 

@inproceedings{Raina2009,
    author = {Raina, Rajat and Madhavan, Anand and Ng, Andrew},
    title = {Large-scale deep unsupervised learning using graphics processors},
    booktitle = {Proceedings of the 26th Annual International Conference on
        Machine Learning (ICML 2009)},
    year = {2009},
    location = {Montreal, Quebec, Canada},
    pages = {873--880},
    numpages = {8},
    publisher = {ACM},
    address = {New York, NY, USA},
} 

@incollection{Ciresan2012f,
    title ={Deep Neural Networks Segment Neuronal Membranes in Electron
        Microscopy Images},
    author={Dan Ciresan and Alessandro Giusti and luca Maria Gambardella and
        Juergen Schmidhuber},
    booktitle = {Advances in Neural Information Processing Systems 25},
    editor = {P. Bartlett and F.C.N. Pereira and C.J.C. Burges and L. Bottou and
        K.Q. Weinberger},
    pages = {2852--2860},
    year = {2012},
}


@inproceedings{Ciresan2012b,
    author    = {Dan Claudiu Ciresan and Ueli Meier and J{\"u}rgen Schmidhuber},
    title     = {Multi-column Deep Neural Networks for Image Classification},
    booktitle={Proceedings of the IEEE Conference on Computer Vision and Pattern
        Recognition (CVPR 2012)}, 
    year      = {2012},
    month=jun,
    pages     = {3642--3649}
}

@article{Ciresan2012c,
    author    = {Dan Claudiu Ciresan and Ueli Meier and Jonathan Masci and J{\"u}rgen Schmidhuber},
    title     = {Multi-Column Deep Neural Network for Traffic Sign Classification},
    journal   = {Neural Networks},
    volume    = {32},
    year      = {2012},
    pages     = {333--338},
}

@incollection{Ciresan2012g,
    author    = {Dan Claudiu Ciresan and Ueli Meier and L. M. Gambardella and J{\"u}rgen Schmidhuber},
    title     = {Deep Big Multilayer Perceptrons For Digit Recognition},
    year={2012},
    booktitle={Neural Networks: Tricks of the Trade},
    volume={7700},
    series={Lecture Notes in Computer Science},
    editor={Montavon, Grégoire and Orr, Geneviève and Müller, Klaus-Robert},
    publisher={Springer Berlin Heidelberg},
    pages={581--598}
}


@INPROCEEDINGS{Glorot2010,
    author = {Glorot, Xavier and Bengio, Yoshua},
    month = may,
    title = {Understanding the difficulty of training deep
        feedforward neural networks},
    booktitle = {Proceedings of the Thirteenth
        International Conference on Artificial Intelligence
            and Statistics (AISTATS 2010)},
    publisher = {JMLR W\&CP},
    series = {JMLR Workshop and Conference Proceedings},
    volume = {9},
    year = {2010},
    pages = {249--256},
    location = {Chia Laguna Resort,
        Sardinia, Italy},
}

@article{Oja1992,
    author = {Oja, Erkki},
    journal = {Neural Networks},
    keywords = {bibtex-import},
    pages = {927--935},
    title = {Principal Components, Minor Components, and Linear Neural Networks},
    volume = {5},
    year = {1992}
}

@inproceedings{Lee2009,
    author = {Lee, Honglak and Grosse, Roger and Ranganath, Rajesh and Ng, Andrew},
    title = {Convolutional deep belief networks for scalable unsupervised
        learning of hierarchical representations},
    booktitle = {Proceedings of the 26th Annual International Conference on
        Machine Learning (ICML 2009)},
    year = {2009},
    location = {Montreal, Quebec, Canada},
    pages = {609--616},
    numpages = {8},
    publisher = {ACM},
    address = {New York, NY, USA},
} 

@article{Amari1998,
    author    = {Amari, Shun-Ichi},
    title     = {Natural Gradient Works Efficiently in Learning},
    journal   = {Neural Computation},
    volume    = {10},
    number    = {2},
    year      = {1998},
    pages     = {251--276},
}

@article{Cover1965,
    author = {Cover, T. M.},
    booktitle = {IEEE Transactions on Electronic Computers},
    journal = {IEEE Transactions on Electronic Computers},
    number = {3},
    pages = {326--334},
    title = {Geometrical and Statistical Properties of Systems of Linear Inequalities with Applications in Pattern Recognition},
    volume = {EC-14},
    year = {1965}
}

@article{Huang2011,
    year={2011},
    journal={International Journal of Machine Learning and Cybernetics},
    volume={2},
    issue={2},
    title={Extreme learning machines: a survey},
    publisher={Springer-Verlag},
    author={Huang, Guang-Bin and Wang, DianHui and Lan, Yuan},
    pages={107--122},
}

@article{Huang2006,
    title = {Extreme learning machine: Theory and applications},
    journal = {Neurocomputing},
    volume = {70},
    number = {1–-3},
    pages = {489--501},
    year = {2006},
    author = {Guang-Bin Huang and Qin-Yu Zhu and Chee-Kheong Siew},
}

@inproceedings{Schraudolph2007,
    author = {Nicol N. Schraudolph and Jin Yu and Simon G\"unter},
    title = {A Stochastic Quasi-{N}ewton Method for Online Convex Optimization},
    pages = {436--443},
    editor = {Marina Meila and Xiaotong Shen},
    booktitle = {Proceedings of the Eleventh International Conference Artificial
        Intelligence and Statistics (AISTATS 2007)},
    location = {San Juan, Puerto Rico},
    volume = {2},
    publisher = {JMLR W\&CP},
    series = {JMLR Workshop and Conference Proceedings},
    year = {2007},
}

@incollection{Martens2012,
    title={Training Deep and Recurrent Networks with {H}essian-Free Optimization},
    author={Martens, James and Sutskever, Ilya},
    year={2012},
    booktitle={Neural Networks: Tricks of the Trade},
    volume={7700},
    series={Lecture Notes in Computer Science},
    editor={Montavon, Grégoire and Orr, Geneviève and Müller, Klaus-Robert},
    publisher={Springer Berlin Heidelberg},
    pages={479--535}
}

@incollection{Schmidhuber2011,
    year={2011},
    booktitle={Artificial General Intelligence},
    volume={6830},
    series={Lecture Notes in Computer Science},
    editor={Schmidhuber, J\"urgen and Th\'orisson, Kristinn R. and Looks, Moshe},
    title={On Fast Deep Nets for {AGI} Vision},
    publisher={Springer Berlin Heidelberg},
    author={Schmidhuber, J\"urgen and Cireşan, Dan and Meier, Ueli and Masci, Jonathan and Graves, Alex},
    pages={243--246}
}

@incollection{Fahlman1990,
    author = {Fahlman, Scott E. and Lebiere, Christian},
    title = {The cascade-correlation learning architecture},
    booktitle = {Advances in Neural Information Processing Systems 2},
    editor = {Touretzky, David S.},
    year = {1990},
    pages = {524--532},
    numpages = {9},
    publisher = {Morgan Kaufmann Publishers Inc.},
    address = {San Francisco, CA, USA},
} 

@article{Touretzky1989,
    author = {Touretzky, D. S. and Pomerleau, D. A.},
    title = {What is hidden in the hidden layers?},
    journal = {Byte},
    volume = {14},
    year = {1989},
    pages = {227--233},
} 

@article{Lengelle1996,
    author = {Lengell{\'e}, R{\'e}gis and Den{\ae}ux, Thierry},
    title = {Training {MLP}s layer by layer using an objective function for
        internal representations},
    journal = {Neural Networks},
    issue_date = {Jan. 1996},
    volume = {9},
    number = {1},
    month = jan,
    year = {1996},
    pages = {83--97},
    numpages = {15},
    publisher = {Elsevier Science Ltd.},
    address = {Oxford, UK, UK},
} 

@InProceedings{Le2011op,
    author =    {Quoc Le and Jiquan Ngiam and Adam Coates and Ahbik Lahiri and Bobby Prochnow and Andrew Ng},
    title =     {On optimization methods for deep learning },
    booktitle = {Proceedings of the 28th International Conference on Machine
        Learning (ICML 2011)},
    year =      {2011},
    editor =    {Lise Getoor and Tobias Scheffer},
    location =  {Bellevue, Washington, USA},
    month =     jun,
    publisher = {ACM},
    address =   {New York, NY, USA},
    pages=      {265--272},
}

@incollection{Krizhevsky2012,
    title ={Image{N}et Classification with Deep Convolutional Neural Networks},
    author={Alex Krizhevsky and Ilya Sutskever and Geoffrey Hinton},
    booktitle = {Advances in Neural Information Processing Systems 25},
    editor = {P. Bartlett and F.C.N. Pereira and C.J.C. Burges and L. Bottou and
        K.Q. Weinberger},
    pages = {1106--1114},
    year = {2012},
}

@phdthesis{Coates2012t,
    author = {Coates, A.},
    school = {Stanford University},
    title = {{Demystifying Unsupervised Feature Learning}},
    year = {2012}
}

@inproceedings {Lecun2010,
    title = {Convolutional Networks and Applications in Vision},
    author = {{LeCun}, Yann and Kavukvuoglu, Koray and Farabet, {Cl\'ement}},   
    booktitle={Proceedings of the International Symposium on Circuits and Systems (ISCAS 2010)},   
    month = jun, 
    year = {2010}
}

@InProceedings{Saxe2011,
    author =    {Andrew Saxe and Pang Wei Koh and Zhenghao Chen and Maneesh
        Bhand and Bipin Suresh and Andrew Ng},
    title =     {On Random Weights and Unsupervised Feature Learning },
    booktitle = {Proceedings of the 28th International Conference on
        Machine Learning (ICML 2011)},
    year =      {2011},
    editor =    {Lise Getoor and Tobias Scheffer},
    location =  {Bellevue, Washington, USA},
    month =     jun,
    publisher = {ACM},
    address =   {New York, NY, USA},
    pages=      {1089--1096},
}

@inproceedings{Coates2011,
    author = {Coates, A. and Lee, H. and Ng, Andrew},
    booktitle = {Proceedings of the Fourteenth International Conference on
        Artificial Intelligence and Statistics},
    editor = {Gordon, Geoffrey and Dunson, David and Dudík, Miroslav},
    pages = {215--223},
    publisher = {JMLR W\&CP},
    series = {JMLR Workshop and Conference Proceedings},
    title = {An analysis of single-layer networks in
        unsupervised feature learning},
    volume = 15,
    year = 2011
}

@incollection{Rifai2011ho,
    year={2011},
    booktitle={Machine Learning and Knowledge Discovery in Databases},
    volume={6912},
    series={Lecture Notes in Computer Science},
    editor={Gunopulos, Dimitrios and Hofmann, Thomas and Malerba, Donato and Vazirgiannis, Michalis},
    title={Higher Order Contractive Auto-Encoder},
    publisher={Springer Berlin Heidelberg},
    author={Rifai, Salah and Mesnil, Gr\'egoire and Vincent, Pascal and Muller, Xavier and Bengio, Yoshua and Dauphin, Yann and Glorot, Xavier},
    pages={645--660}
}

@InProceedings{Rifai2011,
    author =    {Salah Rifai and Pascal Vincent and Xavier Muller and Xavier
        Glorot and Yoshua Bengio},
    title =     {Contractive Auto-Encoders: Explicit Invariance During
        Feature Extraction },
    booktitle = {Proceedings of the 28th International Conference on
        Machine Learning (ICML 2011)},
    year =      {2011},
    editor =    {Lise Getoor and Tobias Scheffer},
    location =  {Bellevue, Washington, USA},
    month =     jun,
    publisher = {ACM},
    address =   {New York, NY, USA},
    pages=      {833--840},
}

@inproceedings{Bengio2013,
    author = {Yoshua Bengio and Gregoire Mesnil and Yann Dauphin and Salah Rifai},
    title = {Better Mixing via Deep Representations},
    booktitle = {Proceedings of the 30th International Conference on Machine
        Learning (ICML 2013)},
    month = jun,
    year = {2013},
    location = {Atlanta, Georgia},
    publisher = {JMLR W\&CP},
    series = {JMLR Workshop and Conference Proceedings},
    volume = {28},
    pages = {552--560}
} 

@BOOK{Absil2008,
    author = {P.-A. Absil and R. Mahony and R. Sepulchre},
    title = {Optimization Algorithms on Matrix Manifolds},
    publisher = {Princeton University Press},
    address = {Princeton, NJ},
    year = 2008,
    pages = {xvi+224},
}

@Book{Chapelle2006,
    editor =   {O. Chapelle and B. Sch{\"o}lkopf and A. Zien},
    title =      {Semi-Supervised Learning},
    publisher =    {MIT Press},
    year =   2006,
    address =    {Cambridge, MA}
}

@inproceedings{Raina2007,
    author = {Raina, Rajat and Battle, Alexis and Lee, Honglak and Packer,
        Benjamin and Ng, Andrew},
    title = {Self-taught learning: transfer learning from unlabeled data},
    booktitle = {Proceedings of the 24th International Conference on Machine
        learning (ICML 2007)},
    year = {2007},
    location = {Corvalis, Oregon},
    pages = {759--766},
    numpages = {8},
    acmid = {1273592},
    publisher = {ACM},
    address = {New York, NY, USA},
} 

@article{Erhan2010,
    author = {Erhan, Dumitru and Bengio, Yoshua and Courville, Aaron and
        Manzagol, Pierre-Antoine and Vincent, Pascal and Bengio, Samy},
    title = {Why Does Unsupervised Pre-training Help Deep Learning?},
    journal = {Journal of Machine Learning Research},
    issue_date = {3/1/2010},
    volume = {11},
    month = mar,
    year = {2010},
    pages = {625--660},
    numpages = {36},
    publisher = {JMLR.org},
} 

@inproceedings{Jain2008,
    author    = {Viren Jain and H. Sebastian Seung},
    title     = {Natural Image Denoising with Convolutional Networks},
    booktitle = {NIPS},
    year      = {2008},
    pages     = {769--776},
    editor    = {Daphne Koller and Dale Schuurmans and Yoshua Bengio and L{\'e}on Bottou},
    title     = {Advances in Neural Information Processing Systems 21},
    booktitle = {NIPS},
    publisher = {Curran Associates, Inc.},
}

@article{Bishop1995,
    author = {Bishop, Chris M.},
    title = {Training with noise is equivalent to {T}ikhonov regularization},
    journal = {Neural Computation},
    issue_date = {Jan. 1995},
    volume = {7},
    number = {1},
    month = jan,
    year = {1995},
    pages = {108--116},
    numpages = {9},
    publisher = {MIT Press},
    address = {Cambridge, MA, USA},
} 

@InProceedings{Ngiam2011,
    author =    {Jiquan Ngiam and Zhenghao Chen and Pang Wei Koh and Andrew Ng},
    title =     {Learning Deep Energy Models},
    booktitle = {Proceedings of the 28th International Conference on Machine
        Learning (ICML 2011)},
    year =      {2011},
    editor =    {Lise Getoor and Tobias Scheffer},
    location =  {Bellevue, Washington, USA},
    month =     jun,
    publisher = {ACM},
    address =   {New York, NY, USA},
    pages=      {1105--1112},
}

@article{Vincent2011,
    author = {Vincent, Pascal},
    title = {A connection between score matching and denoising autoencoders},
    journal = {Neural Computation},
    issue_date = {July 2011},
    volume = {23},
    number = {7},
    month = jul,
    year = {2011},
    pages = {1661--1674},
    numpages = {14},
    publisher = {MIT Press},
    address = {Cambridge, MA, USA},
} 

@article{Hyvarinen2005,
    author = {Hyv\"{a}rinen, Aapo},
    title = {Estimation of Non-Normalized Statistical Models by Score Matching},
    journal = {Journal of Machine Learning Research},
    issue_date = {12/1/2005},
    volume = {6},
    month = dec,
    year = {2005},
    pages = {695--709},
    numpages = {15},
    publisher = {JMLR.org},
} 

@InProceedings{Swersky2011,
    author =    {Kevin Swersky and Marc'Aurelio Ranzato and David Buchman and
        Benjamin Marlin and Nando {de Freitas}},
    title =     {On Autoencoders and Score Matching for Energy Based Models},
    booktitle = {Proceedings of the 28th International Conference on Machine
        Learning (ICML 2011)},
    year =      {2011},
    editor =    {Lise Getoor and Tobias Scheffer},
    month =     jun,
    publisher = {ACM},
    address =   {New York, NY, USA},
    pages=      {1201--1208},
}

@inbook {Younes1991,
    author       = {Younes, Laurent},
    title        = {Maximum likelihood estimation for Gibbsian fields},
    year         = {1991},
    booktitle    = {Spatial statistics and imaging. Proceedings
        of the conference, held at Bowdoin College, Brunswick,
        Maine, USA, June 18-24, 1988},
    pages        = {403--426},
    publisher    = {Hayward, CA: Institute of
        Mathematical Statistics},
}

@TechReport{Tang2011,
    author = {Yichuan Tang and Ilya Sutskever},
    title = {Data Normalization in the Learning of Restricted {B}oltzmann Machines},
    institution =  {{Department of Computer Science, University of Toronto}},
    year = {2011},
    number =  {{UTML-TR-11-2}},
}

@incollection{Montavon2012,
    title = {Deep {B}oltzmann Machines and the Centering Trick},
    author = {Montavon, Gr{\'e}goire and M{\"u}ller, Klaus-Robert},
    year={2012},
    booktitle={Neural Networks: Tricks of the Trade},
    volume={7700},
    series={Lecture Notes in Computer Science},
    editor={Montavon, Grégoire and Orr, Geneviève and Müller, Klaus-Robert},
    publisher={Springer Berlin Heidelberg},
    pages={621--637}
}

@incollection{Welling2005,
    author = {Max {Welling} and Michal {Rosen-Zvi} and Geoffrey {Hinton}},
    title = {Exponential Family Harmoniums with an Application to Information
        Retrieval},
    booktitle = {Advances in Neural Information Processing Systems 17},
    editor = {Lawrence K. Saul and Yair Weiss and {L\'{e}on} Bottou},
    publisher = {MIT Press},
    address = {Cambridge, MA},
    pages = {1481--1488},
    year = {2005},
}

@article{Bengio2009,
    author = {Bengio, Yoshua and Delalleau, Olivier},
    title = {Justifying and generalizing contrastive divergence},
    journal = {Neural Computation},
    issue_date = {June 2009},
    volume = {21},
    number = {6},
    month = jun,
    year = {2009},
    pages = {1601--1621},
    publisher = {MIT Press},
    address = {Cambridge, MA, USA},
} 

@incollection{Roux2008a,
    address = {Cambridge, MA},
    author = {{Le Roux}, Nicolas and Manzagol, Pierre-Antoine and Bengio, Yoshua},
    booktitle = {Advances in Neural Information Processing Systems 20},
    editor = {Platt, J. C. and Koller, D. and Singer, Y.  and Roweis, S.},
    pages = {849--856},
    publisher = {MIT Press},
    title = {Topmoumoute Online Natural Gradient Algorithm},
    year = {2008}
}

@article{Byrd2011,
    author    = {Richard H. Byrd and Gillian M. Chin and Will Neveitt and Jorge Nocedal},
    title     = {On the Use of Stochastic {H}essian Information in Optimization Methods for Machine Learning},
    journal   = {SIAM Journal on Optimization},
    volume    = {21},
    number    = {3},
    year      = {2011},
    pages     = {977--995},
}

@incollection{Lecun1998a,
    author = {{LeCun}, Y. and Bottou, L. and Orr, G. and M\"{u}ller, K.
        R.},
    booktitle = {Neural Networks: Tricks of the Trade},
    editor = {Orr, G. and M\"{u}ller, K.},
    journal = {Lecture Notes in Computer Science},
    pages = {5--50},
    publisher = {Springer Verlag},
    series = {Lecture Notes in Computer Science},
    title = {Efficient {BackProp}},
    volume = {1524},
    year = {1998}
}

@incollection{Bottou2004,
    author = {Bottou, L\'{e}on and {LeCun}, Yann},
    title = {Large Scale Online Learning},
    booktitle = {Advances in Neural Information Processing Systems 16},
    editor = {Thrun, Sebastian and Saul, Lawrence and Bernhard {Sch\"{o}lkopf}},
    publisher = {MIT Press},
    address = {Cambridge, MA},
    year = {2004},
}

@incollection{Bottou2008,
    title = {The Tradeoffs of Large Scale Learning},
    author = {Leon Bottou and Olivier  Bousquet},
    booktitle = {Advances in Neural Information Processing Systems 20},
    editor = {J.C. Platt and D. Koller and Y. Singer and S. Roweis},
    publisher = {MIT Press},
    address = {Cambridge, MA},
    pages = {161--168},
    year = {2008}
}

@incollection{Bottou1998,
    author = {Bottou, L\'{e}on},
    title = {Online Algorithms and Stochastic Approximations},
    booktitle = {Online Learning and Neural Networks},
    editor = {Saad, David},
    publisher = {Cambridge University Press},
    address = {Cambridge, UK},
    year = {1998},
}


@book{Vapnik1995,
    author = {Vapnik, Vladimir},
    title = {The Nature of Statistical Learning Theory},
    year = {1995},
    publisher = {Springer-Verlag New York, Inc.},
    address = {New York, NY, USA},
} 

@article{Robbins1951,
    author = {Robbins, Herbert and Monro, Sutton},
    journal = {The Annals of Mathematical Statistics},
    number = {3},
    pages = {400--407},
    title = {A Stochastic Approximation Method},
    volume = {22},
    year = {1951}
}

@techreport{Freund1994,
    author = {Freund, Yoav and Haussler, David},
    title = {UNSUPERVISED LEARNING OF DISTRIBUTIONS ON BINARY VECTORS USING
        TWO LAYER NETWORKS},
    year = {1994},
    publisher = {University of California at Santa Cruz},
    address = {Santa Cruz, CA, USA},
} 

@article{Hastings1970,
    author = {Hastings, W. K.},
    journal = {Biometrika},
    month = apr,
    number = {1},
    pages = {97--109},
    publisher = {Oxford University Press},
    title = {{M}onte {C}arlo sampling methods using {M}arkov chains and their applications},
    volume = {57},
    year = {1970}
}

@inproceedings{Welling2002,
    author = {Welling, Max and Hinton, Geoffrey},
    title = {A New Learning Algorithm for Mean Field Boltzmann Machines},
    booktitle = {Proceedings of the International Conference on Artificial
        Neural Networks},
    series = {ICANN 2002},
    year = {2002},
    pages = {351--357},
    numpages = {7},
    publisher = {Springer-Verlag},
    address = {London, UK, UK},
} 

@article{Kullback1951,
    author = {Kullback, S. and Leibler, R. A.},
    journal = {Annals of Mathematical Statistics},
    keywords = {bibtex-import},
    pages = {49--86},
    title = {On information and sufficiency},
    volume = {22},
    year = {1951}
}

@inproceedings{Gregor2010,
    author = {Gregor, Karol and {LeCun}, Yann},
    booktitle = {Proceedings of the 27th Internation Conference on Machine Learning (ICML 2010)},
    editor = {F\"urnkranz, Johannes and Joachims, Thorsten},
    pages = {399--406},
    title = {Learning Fast Approximations of Sparse Coding},
    year =      {2010},
    address =   {Haifa, Israel},
    month =     jun,
}

@article{Davis1994,
    author = {Davis, Geoffrey M. and Mallat, Stephane G. and Zhang, Zhifeng},
    title = {Adaptive time-frequency decompositions},
    journal = {Optical Engineering},
    volume = {33},
    number = {7},
    pages = {2183--2191},
    year = {1994},
}

@book{Kindermann1980,
    title={Markov Random Fields and Their Applications},
    author={Kindermann, R. and Snell, J.L. and American Mathematical Society},
    series={Contemporary mathematics},
    year={1980},
    publisher={American Mathematical Society}
}

@InProceedings{Sutskever2011,
    author =    {Ilya Sutskever and James Martens and Geoffrey Hinton},
    title =     {Generating Text with Recurrent Neural Networks },
    booktitle = {Proceedings of the 28th International Conference on
        Machine Learning (ICML 2011)},
    year =      {2011},
    editor =    {Lise Getoor and Tobias Scheffer},
    location =  {Bellevue, Washington, USA},
    month =     jun,
    publisher = {ACM},
    address =   {New York, NY, USA},
    pages=      {1017--1024},
}

@article{Wellman1993,
    author = {Wellman, M. P. and Henrion, M.},
    title = {Explaining 'Explaining Away'},
    journal={IEEE Transactions on Pattern Analysis and Machine Intelligence},
    issue_date = {March 1993},
    volume = {15},
    number = {3},
    month = mar,
    year = {1993},
    pages = {287--292},
    numpages = {6},
    publisher = {IEEE Computer Society},
    address = {Washington, DC, USA},
} 

@phdthesis{Sutskever2013,
    author = {Sutskever, Ilya},
    publisher = {University of Toronto},
    school = {University of Toronto},
    title = {{Training Recurrent Neural Networks}},
    year = {2013}
}

@inproceedings{Deng2013,
    author = {Deng, Li and Li, Jinyu and Huang, Jui-Ting and Yao, Kaisheng and
        Yu, Dong and Seide, Frank and Seltzer, Michael and Zweig, Geoffree and
            He, Xiaodong and Williams, Jason and Gong, Yifan and Acero, Alex},
    title = {Recent Advances in Deep Learning for Speech Research at
        {Microsoft}},
    booktitle = {Proceedings of the 38th International Conference on Acoustics, Speech, and Signal
        Processing (ICASSP 2013)},
    year = 2013,
    month = may,
}

@inproceedings{Bengio2013rec,
    author = {{Bengio}, Y. and {Boulanger-Lewandowski}, N. and {Pascanu}, R.},
    title = {Advances in Optimizing Recurrent Networks},
    booktitle = {Proceedings of the 38th International Conference on Acoustics, Speech, and Signal
        Processing (ICASSP 2013)},
    year = 2013,
    month = may,
    note = {To appear}
}

@book{Bondy2008,
    title={Graph Theory},
    author={Bondy, A. and Murty, U.S.R.},
    series={Graduate Texts in Mathematics},
    year={2008},
    publisher={Springer}
}

@Book{Grunwald2007,
    author={Peter D. Gr\"{u}nwald},
    title={The Minimum Description Length Principle},
    publisher={The MIT Press},
    year=2007,
    month=apr,
    series={MIT Press Books},
}

@article{Rissanen1978,
    title = {Modeling by shortest data description},
    journal = {Automatica},
    volume = {14},
    number = {5},
    pages = {465--471},
    year = 1978,
    author = {J. Rissanen},
}


@inproceedings{Oja1991,
    author = {Oja, E.},
    booktitle = {Artificial Neural Networks},
    editor = {Kohonen, T. and M\"{a}kisara, K. and Simula, O.  and Kangas, J.},
    pages = {737--745},
    publisher = {Elsevier Science Publishers
        B.V., North-Holland},
    title = {Data Compression, Feature
        Extraction, and Autoassociation
            in Feedforward Neural
            Networks},
    volume = {1},
    year = {1991}
}

@inproceedings{Roweis1998,
    author = {Roweis, Sam},
    title = {{EM} algorithms for {PCA} and {SPCA}},
    booktitle = {Advances in Neural Information Processing Systems 10},
    year = {1998},
    pages = {626--632},
    publisher = {MIT Press},
    address = {Cambridge, MA, USA},
} 

@article{Cipra1987,
    author = {Cipra, Barry A.},
    title = {An introduction to the {I}sing model},
    journal = {American Mathematics Monthly},
    volume = {94},
    number = {10},
    month = dec,
    year = {1987},
    pages = {937--959},
    publisher = {Mathematical Association of America},
    address = {Washington, DC, USA},
} 

@book{Golub1996,
    author = {Golub, Gene H. and van Van Loan, Charles F.},
    day = {15},
    edition = {3rd},
    month = oct,
    publisher = {The Johns Hopkins University Press},
    title = {Matrix Computations (Johns Hopkins Studies in Mathematical Sciences)},
    year = {1996}
}

@inproceedings{Collobert2004,
    author = {Collobert, Ronan and Bengio, Samy},
    title = {Links between perceptrons, {MLP}s and {SVM}s},
    booktitle = {Proceedings of the 21st International Conference on Machine
        learning (ICML 2004)},
    year = {2004},
    month = jul,
    location = {Banff, Alberta, Canada},
} 

@ARTICLE{Geman1984,
    author={Geman, Stuart and Geman, Donald}, 
    journal={IEEE Transactions on Pattern Analysis and Machine Intelligence},
    title={Stochastic Relaxation, {G}ibbs Distributions, and the {B}ayesian Restoration of Images}, 
    year={1984}, 
    month=nov, 
    volume={PAMI-6}, 
    number={6}, 
    pages={721--741}, 
}

@techreport{Neal1993,
    author = {Neal, Radford},
    title = {Probabilistic inference using Markov chain Monte Carlo methods},
    year = 1993,
    institution = {{Department of Computer Science, University of Toronto}},
    number = {{CRG-TR-93-1}},
}

@article{Hornik1989,
    author = {Hornik, Kurt and Stinchcombe, Maxwell and White, Halbert},
    journal = {Neural Networks},
    month = jan,
    number = {5},
    pages = {359--366},
    title = {Multilayer feedforward networks are universal approximators},
    volume = {2},
    year = {1989}
}

@article{Kramer1991,
    address = {Laboratory for Intelligent Systems in Process
        Engineering, Department of Chemical Engineering, Massachusetts
            Institute of Technology, Cambridge, MA 02139},
    author = {Kramer, Mark A.},
    journal = {AIChE Journal},
    number = {2},
    pages = {233--243},
    publisher = {American Institute of Chemical Engineers},
    title = {Nonlinear principal component analysis using autoassociative neural networks},
    volume = {37},
    year = {1991}
}

@article{Baldi1989,
    author = {Baldi, P. and Hornik, K.},
    title = {Neural networks and principal component analysis: learning from
        examples without local minima},
    journal = {Neural Networks},
    issue_date = {1989},
    volume = {2},
    number = {1},
    month = jan,
    year = {1989},
    pages = {53--58},
    numpages = {6},
    acmid = {70362},
    publisher = {Elsevier Science Ltd.},
    address = {Oxford, UK, UK},
} 

@book{Landau1980,
    author = {Landau, L. D. and Lifshitz, E. M.},
    edition = {3rd},
    howpublished = {Paperback},
    month = jan,
    publisher = {Butterworth-Heinemann},
    title = {Statistical Physics, Third Edition, Part 1: Volume 5 (Course of Theoretical Physics, Volume 5)},
    year = {1980}
}

@article{Tipping1999,
    author = {Tipping, Michael E. and Bishop, Chris M.},
    journal = {Journal of the Royal Statistical Society, Series B},
    pages = {611--622},
    title = {Probabilistic Principal Component Analysis},
    volume = {61},
    year = {1999}
}

@article{Dempster1977,
    author = {Dempster, A. P. and Laird, N. M. and Rubin, D. B.},
    journal = {Journal of the Royal Statistical Society. Series B (Methodological)},
    number = {1},
    pages = {1--38},
    publisher = {Blackwell Publishing for the Royal Statistical Society},
    title = {Maximum Likelihood from Incomplete Data via the {EM} Algorithm},
    volume = {39},
    year = {1977}
}

@inproceedings{Lawrence2006,
    author = {Lawrence, Neil D. and Qui\~{n}onero-Candela, Joaquin},
    title = {Local distance preservation in the {GP-LVM} through back
        constraints},
    booktitle = {Proceedings of the 23rd International Conference on Machine
        learning (ICML 2006)},
    year = {2006},
    location = {Pittsburgh, Pennsylvania},
    pages = {513--520},
    numpages = {8},
    publisher = {ACM},
    address = {New York, NY, USA},
} 

@incollection {Lawrence2003,
    author = {Neil D. Lawrence},
    title = {{G}aussian Process Latent Variable Models for Visualisation of
        High Dimensional Data},
    booktitle = {Advances in Neural Information Processing Systems 16},
    editor = {Sebastian Thrun and Lawrence Saul and Bernhard {Sch\"{o}lkopf}},
    publisher = {MIT Press},
    address = {Cambridge, MA},
    year = 2004,
}

@article{Hinton2006nc,
    author = {Hinton, Geoffrey and Osindero, Simon and Teh, Yee-Whye},
    title = {A fast learning algorithm for deep belief nets},
    journal = {Neural Computation},
    issue_date = {July 2006},
    volume = {18},
    number = {7},
    month = jul,
    year = {2006},
    pages = {1527--1554},
    numpages = {28},
    publisher = {MIT Press},
    address = {Cambridge, MA, USA},
} 

@book{Scholkopf2001,
    author = {Sch\"olkopf, Bernhard and Smola, Alexander J.},
    title = {Learning with Kernels: Support Vector Machines, Regularization,
        Optimization, and Beyond},
    year = {2001},
    publisher = {MIT Press},
    address = {Cambridge, MA, USA},
} 

@article{Frey1999,
    author = {Frey, Brendan J. and Hinton, Geoffrey},
    journal = {Neural Computation},
    number = {1},
    pages = {193--213},
    title = {Variational Learning in Nonlinear {G}aussian Belief Networks},
    volume = {11},
    year = {1999}
}

@mastersthesis{Raiko2001,
    author = {Raiko, Tapani},
    title = {{Hierarchical Nonlinear Factor Analysis}}, 
    school = {Aalto University School of Science},
    year = {2001}
}

@article{Hinton1995,
    author = {Hinton, Geoffrey and Dayan, Peter and Frey, Brendan J. and
        Neal, Radford},
    journal = {Science},
    pages = {1158--1161},
    title = {The wake-sleep algorithm for unsupervised neural networks},
    volume = 268,
    year = 1995
}

@article{Neal1992,
    author = {Neal, Radford},
    title = {Connectionist learning of belief networks},
    journal = {Artificial Intelligence},
    issue_date = {July 1992},
    volume = {56},
    number = {1},
    month = jul,
    year = {1992},
    pages = {71--113},
    numpages = {43},
    publisher = {Elsevier Science Publishers Ltd.},
    address = {Essex, UK},
} 

@book{Rasmussen2006,
    author = {Rasmussen, Carl E. and Williams, Christopher},
    booktitle = {Gaussian Processes for Machine Learning},
    keywords = {gaussianprocesses, gp, machinelearning},
    publisher = {MIT Press},
    title = {Gaussian Processes for Machine Learning},
    year = {2006}
}

@INPROCEEDINGS{Damianou2012,
    author    = {Andreas C. Damianou and
        Neil D. Lawrence},
    title     = {Deep {G}aussian Processes},
    month = apr,
    booktitle = {Proceedings of the Sixteenth
        International Conference on Artificial Intelligence
            and Statistics (AISTATS 2013)},
    publisher = {JMLR W\&CP},
    series = {JMLR Workshop and Conference Proceedings},
    pages = {207--215}, 
    volume = {31},
    year = {2013},
}

@incollection{Cho2009,
    title = {Kernel Methods for Deep Learning},
    author = {Youngmin Cho and Lawrence Saul},
    booktitle = {Advances in Neural Information Processing Systems 22},
    editor = {Y. Bengio and D. Schuurmans and J. Lafferty and C. K. I.
        Williams and A. Culotta},
    pages = {342--350},
    year = {2009}
}

@INCOLLECTION{Bengio2007a,
    author = {Bengio, Yoshua and {LeCun}, Yann},
    editor = {Bottou, {L{\'{e}}on} and Chapelle, Olivier and DeCoste,
        D. and Weston, J.},
    title = {Scaling Learning Algorithms towards {AI}},
    booktitle = {Large Scale Kernel Machines},
    year = {2007},
    publisher = {MIT Press},
}

@article{Cortes1995,
    author = {Cortes, Corinna and Vapnik, Vladimir},
    title = {Support-Vector Networks},
    journal = {Machine Learning},
    issue_date = {Sept. 1995},
    volume = {20},
    number = {3},
    month = sep,
    year = {1995},
    pages = {273--297},
    numpages = {25},
    publisher = {Kluwer Academic Publishers},
    address = {Hingham, MA, USA},
    keywords = {efficient learning algorithms, neural networks,
        pattern recognition, polynomial classifiers, radial
            basis function classifiers},
} 

@book{Hebb1949,
    address = {New York},
    author = {Hebb, Donald O.},
    day = {15},
    howpublished = {Hardcover},
    month = jun,
    publisher = {Wiley},
    title = {The Organization of Behavior: A Neuropsychological Theory},
    year = {1949}
}


@article{Hopfield1982,
    author = {Hopfield, John}, 
    title = {Neural networks and physical systems with emergent collective
        computational abilities},
    volume = {79}, 
    number = {8}, 
    pages = {2554--2558}, 
    year = {1982}, 
    journal = {Proceedings of the National Academy of Sciences} 
}

@article{Oja1982,
    year={1982},
    journal={Journal of Mathematical Biology},
    volume={15},
    issue={3},
    title={Simplified neuron model as a principal component analyzer},
    publisher={Springer-Verlag},
    keywords={Neuron models; Synaptic plasticity; Stochastic approximation},
    author={Oja, Erkki},
    pages={267--273},
}

@article{Cybenko1989,
    author = {Cybenko, G.},
    journal = {Mathematics of Control, Signals, and Systems (MCSS)},
    month = dec,
    number = {4},
    pages = {303--314},
    publisher = {Springer London},
    title = {Approximation by superpositions of a sigmoidal function},
    volume = {2},
    year = {1989}
}

@ARTICLE{Tibshirani1994,
    author = {Robert Tibshirani},
    title = {Regression Shrinkage and Selection Via the Lasso},
    journal = {Journal of the Royal Statistical Society, Series B},
    year = {1994},
    volume = {58},
    pages = {267--288}
}

@article{Rosenblatt1958,
    author = {Rosenblatt, Frank},
    journal = {Psychological Review},
    keywords = {learning, perceptron-learning-rule},
    month = nov,
    number = {6},
    pages = {386--408},
    title = {The perceptron: a probabilistic model for information storage and organization in the brain},
    volume = {65},
    year = {1958}
}

@book{Rosenblatt1962,
    title={Principles of neurodynamics: perceptrons and the theory of brain
        mechanisms},
    author={Rosenblatt, F.},
    series={Report (Cornell Aeronautical Laboratory)},
    year={1962},
    publisher={Spartan Books}
}


@book{Fletcher1987,
    author = {Fletcher, R.},
    title = {Practical Methods of Optimization},
    edition = {2nd},
    year = {1987},
    publisher = {Wiley-Interscience},
    address = {New York, NY, USA},
} 

@article{Chang2011,
    author = {Chang, Chih-Chung and Lin, Chih-Jen},
    title = {LIBSVM: A library for support vector machines},
    journal = {ACM Trans. Intell. Syst. Technol.},
    issue_date = {April 2011},
    volume = {2},
    number = {3},
    month = may,
    year = {2011},
    pages = {27:1--27:27},
    articleno = {27},
    numpages = {27},
    acmid = {1961199},
    publisher = {ACM},
    address = {New York, NY, USA},
    keywords = {Classification LIBSVM optimization regression
        support vector machines SVM},
} 

@article{Fan2008,
    author = {Fan, Rong-En and Chang, Kai-Wei and Hsieh, Cho-Jui and Wang,
        Xiang-Rui and Lin, Chih-Jen},
    title = {LIBLINEAR: A Library for Large Linear Classification},
    journal = {Journal of Machine Learning Research},
    issue_date = {6/1/2008},
    volume = {9},
    month = jun,
    year = {2008},
    pages = {1871--1874},
    numpages = {4},
    acmid = {1442794},
    publisher = {JMLR.org},
} 

@article{Chen2001,
    author = {Chen, Scott Shaobing and Donoho, David L. and Saunders, Michael A.},
    title = {Atomic Decomposition by Basis Pursuit},
    journal = {SIAM Rev.},
    issue_date = {2001},
    volume = {43},
    number = {1},
    month = jan,
    year = {2001},
    pages = {129--159},
    numpages = {31},
    publisher = {Society for Industrial and Applied Mathematics},
    address = {Philadelphia, PA, USA},
} 

@incollection{Ranzato2008,
    title = {Sparse Feature Learning for Deep Belief Networks},
    author = {Marc'Aurelio Ranzato and Y-Lan Boureau and Yann {LeCun}},
    booktitle = {Advances in Neural Information Processing Systems 20},
    editor = {J.C. Platt and D. Koller and Y. Singer and S. Roweis},
    publisher = {MIT Press},
    address = {Cambridge, MA},
    pages = {1185--1192},
    year = {2008}
}

@inproceedings{Ranzato2007a,
    author = {Ranzato, Marc'Aurelio and Boureau, Y-Lan and Chopra, Sumit
        and {LeCun}, Yann},
    booktitle = {Proceedings of the Tenth Conference on AI and Statistics (AISTATS 2007)},
    pages = {860--867},
    title = {A unified energy-based framework for unsupervised learning},
    volume = {2},
    publisher = {JMLR W\&CP},
    series = {JMLR Workshop and Conference Proceedings},
    year = {2007}
}

@incollection{Le2011,
    title ={{ICA} with Reconstruction Cost for Efficient Overcomplete Feature
        Learning},
    author={Quoc Le and Alexandre Karpenko and Jiquan Ngiam and Andrew Ng},
    booktitle = {Advances in Neural Information Processing Systems 24},
    editor = {J. Shawe-Taylor and R.S. Zemel and P. Bartlett and F.C.N.
        Pereira and K.Q. Weinberger},
    pages = {1017--1025},
    year = {2011}
}

@article{Olshausen1996,
    address = {Department of Psychology, Cornell University, Ithaca, New
        York 14853, USA. bruno@ai.mit.edu},
    author = {Olshausen, B. A. and Field, D. J.},
    journal = {Nature},
    month = jun,
    number = {6583},
    pages = {607--609},
    title = {Emergence of simple-cell receptive field properties by learning a sparse code for natural images},
    volume = {381},
    year = {1996}
}

@book{Sonka2007,
    author = {Sonka, Milan and Hlavac, Vaclav and Boyle, Roger},
    title = {Image Processing, Analysis, and Machine Vision},
    year = {2007},
    publisher = {Thomson-Engineering},
} 

@article{Torralba2008,
    author = {Torralba, A. and Fergus, R. and Freeman, W. T.},
    journal={Pattern Analysis and Machine Intelligence, IEEE Transactions on},
    number = {11},
    title = {80 million tiny images: a large dataset for non-parametric object and scene recognition},
    volume = {30},
    year = {2008}
}

@article{Dabov2007,
    author = {Kostadin Dabov and Alessandro Foi and Vladimir Katkovnik and Karen Egiazarian},
    booktitle = {IEEE Transactions on Image Processing},
    journal = {IEEE Transactions on Image Processing},
    month = aug,
    number = {8},
    pages = {2080--2095},
    publisher = {IEEE},
    title = {Image Denoising by Sparse {3-D} {Transform-Domain} Collaborative Filtering},
    volume = {16},
    year = {2007}
}

@incollection{Neal1999,
    author = {Neal, Radford and Hinton, Geoffrey},
    title = {A view of the {EM} algorithm that justifies incremental, sparse,
        and other variants},
    booktitle = {Learning in graphical models},
    editor = {Jordan, Michael I.},
    year = {1999},
    pages = {355--368},
    publisher = {MIT Press},
    address = {Cambridge, MA, USA},
} 

@incollection{Bengio2007nips,
    title = {Greedy Layer-Wise Training of Deep Networks},
    author = {Yoshua Bengio and Pascal Lamblin and Dan Popovici and Hugo Larochelle},
    booktitle = {Advances in Neural Information Processing Systems 19},
    editor = {B. Sch\"{o}lkopf and J. Platt and T. Hoffman},
    publisher = {MIT Press},
    address = {Cambridge, MA},
    pages = {153--160},
    year = {2007}
}

@article{Rumelhart1986,
    author = {Rumelhart, D. E. and Hinton, G.  and Williams, R. J.},
    journal = {Nature},
    number = {Oct},
    pages = {533--536},
    title = {Learning representations by back-propagating errors},
    volume = {323},
    year = {1986}
}


@INPROCEEDINGS{Shang2005,
    author={Li Shang and Deshuang Huang}, 
    booktitle={Computer Vision and Pattern Recognition, 2005. CVPR 2005. IEEE
        Computer Society Conference on}, 
    title={Image denoising using
            non-negative sparse coding shrinkage algorithm}, 
    year={2005}, 
    month=jun,
    volume={1}, 
    number={}, 
    pages={1017--1022}, 
}

@ARTICLE{Portilla2003, 
    author={Portilla, J. and Strela, V. and Wainwright, M.J. and Simoncelli,
        E.P.}, 
    journal={IEEE Transactions on Image Processing},
    title={Image denoising
        using scale mixtures of {G}aussians in the wavelet domain}, 
    year={2003}, 
    month=nov, 
    volume={12}, 
    number={11}, 
    pages={1338--1351}
}

@incollection{Xie2012,
    title ={Image Denoising and Inpainting with Deep Neural Networks},
    author={Junyuan Xie and Linli Xu and Enhong Chen},
    booktitle = {Advances in Neural Information Processing Systems 25},
    editor = {P. Bartlett and F.C.N. Pereira and C.J.C. Burges and L. Bottou and
        K.Q. Weinberger},
    pages = {350--358},
    year = {2012},
}

@INPROCEEDINGS{Burger2012, 
    author={Burger, H.C. and Schuler, C.J. and Harmeling, S.}, 
    booktitle={Proceedings of the IEEE Conference on Computer Vision and Pattern
        Recognition (CVPR 2012)}, 
    title={Image denoising: Can plain neural networks compete with {BM3D}?}, 
    year={2012}, 
    month=jun, 
    pages={2392--2399}, 
}

@INPROCEEDINGS{Hyvarinen1999a,
    author = {Aapo Hyv\"{a}rinen and Patrik Hoyer and Erkki Oja},
    title = {Image Denoising by Sparse Code Shrinkage},
    booktitle = {Intelligent Signal Processing},
    year = {1999},
    publisher = {IEEE Press}
}

@article{Hyvarinen1999b,
    author = {Hyv\"{a}rinen, Aapo},
    title = {Sparse code shrinkage: denoising of nongaussian data by maximum
        likelihood estimation},
    journal = {Neural Computation},
    issue_date = {Oct. 1, 1999},
    volume = {11},
    number = {7},
    month = oct,
    year = {1999},
    pages = {1739--1768},
    numpages = {30},
    publisher = {MIT Press},
    address = {Cambridge, MA, USA},
} 

@inproceedings{Lu2011,
    title = {Image Denoising via Improved Sparse Coding},
    author = {Xiaoqiang Lu and  Haoliang Yuan and  Pingkun Yan and  Luoqing Li and Xuelong Li},
    year={2011},
    pages={74.1--74.0},
    booktitle={Proceedings of the British Machine Vision Conference},
    publisher={BMVA Press},
    editors={Hoey, Jesse and McKenna, Stephen and Trucco, Emanuele}
}

@article{Elad2006,
    author = {Elad, M. and Aharon, M.},
    journal = {Image Processing, IEEE Transactions on},
    month = dec,
    number = {12},
    pages = {3736--3745},
    publisher = {IEEE},
    title = {Image Denoising Via Sparse and Redundant Representations Over Learned Dictionaries},
    volume = {15},
    year = {2006}
}

@online{ocr2009,
    title = {{OCR} dataset}, 
    month = dec,
    year = {2012},
    url = {http://http://ai.stanford.edu/~btaskar/ocr/}
}

@incollection{Salakhutdinov2012,
    title ={A Better Way to Pretrain Deep {B}oltzmann Machines},
    author={Ruslan Salakhutdinov and Geoffrey Hinton},
    booktitle = {Advances in Neural Information Processing Systems 25},
    editor = {P. Bartlett and F.C.N. Pereira and C.J.C. Burges and L. Bottou and
        K.Q. Weinberger},
    pages = {2456--2464},
    year = {2012},
}

@ARTICLE{Vincent2010,
    author = {Vincent, Pascal and Larochelle, Hugo and Lajoie, Isabelle and
        Bengio, Yoshua and Manzagol, Pierre-Antoine},
    month = dec,
    title = {Stacked Denoising Autoencoders: Learning Useful
        Representations in a Deep Network with a Local Denoising
            Criterion},
    volume = {11},
    year = {2010},
    pages = {3371--3408},
    journal = {Journal of Machine Learning Research},
}

@inproceedings{Schulz2012,
    author = {Schulz, Hannes and Behnke, Sven},
    booktitle = {Proceedings of the 21st International Conference on
        Artificial Neural Networks (ICANN 2012)},
    location = {Lausanne, Switzerland},
    month = sep,
    title = {{Learning two-layer contractive encodings}},
    year = {2012}
}

@inproceedings{Honkela2004,
    author    = {Antti Honkela and Stefan Harmeling and Leo Lundqvist and Harri Valpola},
    title     = {Using kernel {PCA} for initialisation of variational {B}ayesian nonlinear
                 blind source separation method},
    booktitle = {Proceedings of Independent Component Analysis and Blind Signal Separation (ICA 2004)},
    editor =    {C. Puntonet and A. Prieto},
    series =    {Lecture Notes in Computer Science},
    volume =    {3195},
    year      = {2004},
    pages     = {790--797},
    publisher = {Springer},
}


@book{Haykin2009,
    author = {Haykin, Simon},
    edition = {3rd}, 
    publisher = {Pearson Education},
    title = {Neural Networks and Learning Machines},
    year = {2009}
}

@book{Bishop2006,
    author = {Bishop, Christopher M.},
    title = {Pattern Recognition and Machine Learning (Information Science and
            Statistics)},
    year = {2006},
    publisher = {Springer-Verlag New York, Inc.},
    address = {Secaucus, NJ, USA},
} 


@inproceedings{Raiko2012,
    title = {Deep learning made easier by linear transformations in perceptrons},
    author = {Raiko, Tapani and Valpola, Harri and {LeCun}, Yann},
    booktitle = {Proceedings of the Fifteenth Internation Conference on Artificial Intelligence and
                 Statistics (AISTATS 2012)},
    location = {La Palma, Canary Islands, Spain},
    month = apr,
    year = {2012},
    publisher = {JMLR W\&CP},
    series = {JMLR Workshop and Conference Proceedings},
    volume = {22},
    pages = {924--932},
}

@inproceedings{Cho2011dlufl,
  author = {KyungHyun Cho and Tapani Raiko and Alexander Ilin},
  title = {{Gaussian-Bernoulli deep Boltzmann machine}},
  booktitle = {NIPS 2011 Workshop on Deep Learning and Unsupervised Feature Learning},
  address = {Sierra Nevada, Spain},
  month = dec,
  year = {2011}
}

@inproceedings{Lake2011,
    author = {Lake, Benden and Salakhudinov, Ruslan and Gross, Jason and
        Tenenbaum, Joshua},
    title = {One shot learning of simple visual concepts},
    booktitle = {Proceedings of the 33rd Annual Meeting of the Cognitive Science Society},
    year = {2011}
}

@inproceedings{Poon2011,
    author = {Poon, Hoifung and Domingos, Pedro},
    title = {{Sum-Product} Networks: A New Deep Architecture},
    booktitle = {Proceedings of the 27th Conference on Uncertainty in Artificial Intelligence},
    year = {2011}
}

@inproceedings{Raiko2011,
    address = {Fort Lauderdale, Florida},
    author = {Tapani Raiko and KyungHyun Cho and Alexander Ilin},
    booktitle = {The Learning Workshop},
    month = apr,
    title = {Enhanced Gradient for Learning Boltzmann Machines (Abstract)},
    year = {2011}
}


@article{Salakhutdinov2012nc,
    title = {An Effcient Learning Procedure for Deep {B}oltzmann Machines},
    author = {Salakhutdinov, Ruslan and Hinton, Geoffrey},
    journal   = {Neural Computation},
    volume    = {24},
    year      = {2012},
    pages     = {1967--2006},
}

@inproceedings{Salakhutdinov2010c,
    author    = {Ruslan Salakhutdinov and Hugo Larochelle},
    title     = {Efficient Learning of Deep Boltzmann Machines},
    booktitle = {Proceedings of the 27th Conference on Uncertainty in Artificial Intelligence},
    year = {2011}
}


@inproceedings{Cho2011icml,
    author =    {KyungHyun Cho and Tapani Raiko and Alexander Ilin},
    title =     {Enhanced Gradient and Adaptive Learning Rate for Training Restricted {B}oltzmann Machines},
    booktitle = {Proceedings of the 28th International Conference on Machine Learning (ICML 2011)},
    year =      {2011},
    location =  {Bellevue, Washington, USA},
    month =     jun,
    publisher = {ACM},
    address =   {New York, NY, USA},
    pages=      {105--112}
}

@mastersthesis{Cho2011t,
    author = {Cho, KyungHyun},
    title = {{Improved Learning Algorithms for Restricted {B}oltzmann Machines}},
    school = {Aalto University School of Science},
    year = {2011}
}

@inproceedings{Salakhutdinov2010,
    author =    {Ruslan Salakhutdinov},
    title =     {Learning Deep {B}oltzmann Machines using Adaptive {MCMC}},
    booktitle = {Proceedings of the 27th International Conference on Machine Learning (ICML 2010)},
    pages =     {943--950},
    year =      {2010},
    editor =    {Johannes F{\"u}rnkranz and Thorsten Joachims},
    address =   {Haifa, Israel},
    month =     jun,
}

@inproceedings{Cho2011icann,
    author = {Cho, KyungHyun and Ilin, Alexander and Raiko, Tapani},
    booktitle = {Proceedings of the 20th International Conference on Artificial Neural Networks
                 (ICANN 2010)},
    location = {Espoo, Finland},
    title = {Improved learning of {G}aussian-{B}ernoulli restricted {B}oltzmann
        machines},
    year = {2011}
}

@inproceedings{Courville2011,
    author = {Courville, Aaron and Bergstra, James and Bengio, Yoshua},
    booktitle = {Proceedings of the Fourteenth International Conference on
        Artificial Intelligence and Statistics (AISTATS 2011)},
    location = {Fort Lauderdale, FL, USA},
    title = {A spike and slab restricted {B}oltzmann machine},
    year = {2011}
}

@inproceedings{Martens2010,
    author =    {James Martens},
    title =     {Deep learning via {H}essian-free optimization},
    booktitle = {Proceedings of the 27th Internation Conference on Machine Learning (ICML 2010)},
    pages =     {735--742},
    year =      {2010},
    editor =    {Johannes F{\"u}rnkranz and Thorsten Joachims},
    address =   {Haifa, Israel},
    month =     jun,
}

@inproceedings{Geyer1991,
    author = {Geyer, C. J.},
    booktitle = {Computing {S}cience and {S}tatistics: {P}roceedings of the 23rd
        {S}ymposium on the {I}nterface},
    pages = {156--163},
    title = {Markov chain {M}onte {C}arlo maximum likelihood},
    year = {1991}
}

@Article{Swendsen1986,
    title = {Replica {M}onte {C}arlo Simulation of Spin-Glasses},
    author = {Swendsen, Robert H. and Wang, Jian-Sheng },
    journal = {Physical Review Letters},
    volume = {57},
    number = {21},
    pages = {2607--2609},
    numpages = {2},
    year = {1986},
    month = nov,
    publisher = {American Physical Society}
}

@inproceedings{Nair2010,
    author    = {Vinod Nair and Geoffrey Hinton},
    title     = {Rectified Linear Units Improve Restricted {B}oltzmann Machines},
    booktitle = {Proceedings of the 27th Internation Conference on Machine Learning (ICML 2010)},
    editor = {F\"urnkranz, Johannes and Joachims, Thorsten},
    year      = {2010},
    pages     = {807--814},
}

@phdthesis{Teh2003t,
    author = {Teh, Yee-Whye},
    publisher = {University of Toronto},
    school = {University of Toronto},
    keywords = {approximations, graphical-models, machine-learning},
    title = {{Bethe Free energy and contrastive divergence approximations for undirected graphical models}},
    year = {2003}
}

@inproceedings{Desjardins2010a,
    author = {Desjardins, Guillaume and Courville, Aaron and Bengio, Yoshua},
    booktitle = {{NIPS 2010 Workshop on Deep Learning and Unsupervised Feature Learning}},
    title = {Adaptive Parallel Tempering for Stochastic Maximum Likelihood
        Learning of {RBM}s},
    year = {2010}
}

@inproceedings{Lecun2004,
    author = {{LeCun}, Y. and Huang, F. J. and Bottou, L.},
    booktitle={Proceedings of the IEEE Conference on Computer Vision and Pattern
        Recognition (CVPR 2004)}, 
    title = {{Learning methods for generic object recognition with invariance to pose and lighting}},
    volume = {2},
    year = {2004}
}

@inproceedings{Lecun1998,
    author = {{LeCun}, Y. and Bottou, L. and Bengio, Y. and Haffner, P.},
    booktitle = {Proceedings of the IEEE},
    number = {11},
    pages = {2278--2324},
    title = {Gradient-based learning applied to document recognition},
    volume = {86},
    year = {1998}
}

@article{Hyvarinen1999,
    author = {Hyv\"{a}rinen, Aapo},
    journal = {IEEE Transactions on Neural Networks},
    number = {3},
    pages = {626--34},
    pmid = {18252563},
    title = {{Fast and robust fixed-point algorithms for independent component analysis}},
    volume = {10},
    year = {1999}
}

@book{Hyvarinen2001,
    author = {Hyv\"{a}rinen, Aapo and Karhunen, Juha and Oja, Erkki},
    howpublished = {Hardcover},
    month = may,
    publisher = {Wiley-Interscience},
    title = {{Independent Component Analysis}},
    year = {2001}
}

@misc{CBCL,
    title = {{CBCL} {F}ace {D}atabase \#1},
    author = {{MIT Center For Biological and Computation Learning}},
    url = {http://www.ai.mit.edu/projects/cbcl}
}

@inproceedings{Mohamed2010,
    author    = {Mohamed, {Abdel-rahman} and Hinton, Geoffrey},
    title     = {{Phone recognition using Restricted Boltzmann Machines}},
    booktitle = {Proceedings of the 35th International Conference on Acoustics, Speech, and Signal
        Processing (ICASSP 2010)},
    year      = {2010},
    pages     = {4354--4357}
}

@inproceedings{Hornillo-Mellado2005,
    author    = {Hornillo-Mellado, Susana and Mart{\'i}n-Clemente, Rub{\'e}n and S{\'a}ez, Juan Manuel G{\'o}rriz},
    title     = {{Connections Between ICA and Sparse Coding Revisited}},
    booktitle = {IWANN},
    year      = {2005},
    pages     = {1035--1042}
}

@inproceedings{Ranzato2010a,
    author    = {Marc Aurelio Ranzato and Geoffrey Hinton},
    title     = {{Modeling pixel means and covariances using factorized third-order Boltzmann machines}},
    booktitle = {CVPR},
    year      = {2010},
    pages     = {2551--2558},
}

@techreport{Krizhevsky2010,
    author = {Krizhevsky, A.},
    institution = {Computer Science Department, University of Toronto},
    title = {{Convolutional Deep Belief Networks on CIFAR-10}},
    year = {2010}
}

@techreport{Krizhevsky2009,
    author = {Krizhevsky, A.},
    institution = {Computer Science Department, University of Toronto},
    title = {{Learning multiple layers of features from tiny images}},
    year = {2009}
}

@article{Younes1988,
    author = {Younes, Laurent},
    journal = {Annales de l'institut Henri Poincaré (B) Probabilités et
        Statistiques},
    language = {eng},
    number = {2},
    pages = {269--294},
    publisher = {Gauthier-Villars},
    title = {Estimation and annealing for {G}ibbsian fields},
    volume = {24},
    year = {1988},
}

@article{Younes1989,
    author = {Younes, Laurent},
    title = {{Parametric Inference for imperfectly observed Gibbsian fields}},
    journal = {Probability Theory and Related Fields},
    publisher = {Springer Berlin / Heidelberg},
    keyword = {Mathematics and Statistics},
    pages = {625--645},
    volume = {82},
    issue = {4},
    note = {10.1007/BF00341287},
    year = {1989}
}

@inproceedings{Lyu2009,
    author = {Lyu, Siwei},
    title = {Interpretation and generalization of score matching},
    booktitle = {Proceedings of the 25th Conference on Uncertainty in Artificial Intelligence},
    series = {UAI '09},
    year = {2009},
    location = {Montreal, Quebec, Canada},
    pages = {359--366},
    numpages = {8},
    acmid = {1795156},
    publisher = {AUAI Press},
    address = {Arlington, Virginia, United States}
} 

@article{Hyvarinen2007,
    author = {Hyv\"arinen, Aapo},
    citeulike-article-id = {952690},
    journal = {Computational Statistics \& Data Analysis},
    keywords = {score-matching},
    month = feb,
    number = {5},
    pages = {2499--2512},
    posted-at = {2009-05-11 10:17:44},
    priority = {4},
    title = {{Some extensions of score matching}},
    volume = {51},
    year = {2007}
}

@article{Besag1975,
    author = {Besag, Julian},
    journal = {Journal of the Royal Statistical Society. Series D (The Statistician)},
    keywords = {1975, bayesian, disease\_mapping, gmrf, intrinsic, lattice,
        statistics},
    number = {3},
    pages = {179--195},
    posted-at = {2008-11-20 14:33:18},
    priority = {4},
    publisher = {Blackwell Publishing for the Royal Statistical Society},
    title = {{Statistical Analysis of Non-Lattice Data}},
    volume = {24},
    year = {1975}
}

@article{Neal1998,
    author = {Neal, Radford},
    journal = {Statistics and Computing},
    pages = {125--139},
    posted-at = {2008-10-02 15:46:00},
    priority = {2},
    title = {Annealed Importance Sampling},
    volume = {11},
    year = {1998}
}

@misc{Asuncion2007,
    author = "Asuncion, A. and Newman, D. J.",
    year = "2007",
    title = "{UCI} Machine Learning Repository",
    url = "http://www.ics.uci.edu/$\sim$mlearn/{MLR}epository.html",
    institution = "University of California, Irvine, School of Information and Computer Sciences" 
}

@article{Neal1994,
    author = {Neal, Radford},
    title = {Sampling from Multimodal Distributions Using Tempered Transitions},
    journal = {Statistics and Computing},
    year = {1994},
    volume = {6},
    pages = {353--366}
}

@article{Earl2005,
    author = {Earl, David J. and Deem, Michael W.},
    journal = {Phys. Chem. Chem. Phys.},
    keywords = {replica-exchange, review},
    number = {23},
    pages = {3910--3916},
    posted-at = {2009-03-18 21:52:08},
    priority = {2},
    publisher = {The Royal Society of Chemistry},
    title = {{Parallel tempering: Theory, applications, and new perspectives}},
    volume = {7},
    year = {2005}
}

@ARTICLE{Bengio2009a,
    author = {Bengio, Yoshua},
    title = {Learning deep architectures for {AI}},
    journal = {Foundations and Trends in Machine Learning},
    volume = {2},
    number = {1},
    year = {2009},
    pages = {1--127},
}


@incollection{Osindero2008,
    title = {{Modeling image patches with a directed hierarchy of Markov random fields}},
    author = {Osindero, Simon and Hinton, Geoffrey},
    booktitle = {Advances in Neural Information Processing Systems 20},
    editor = {J.C. Platt and D. Koller and Y. Singer and S. Roweis},
    publisher = {MIT Press},
    address = {Cambridge, MA},
    pages = {1121--1128},
    year = {2008}
}

@inproceedings{Salakhutdinov2009a,
    author = {Salakhutdinov, Ruslan and  Hinton, Geoffrey},
    title = {Deep {B}oltzmann machines},
    booktitle = {Proceedings of the Twelfth Internation Conference on Artificial Intelligence and Statistics
                (AISTATS 2009)},
    pages = {448--455},
    year = {2009},
    publisher = {JMLR W\&CP},
    series = {JMLR Workshop and Conference Proceedings},
    volume = {5},
}

@inproceedings{Ranzato2010,
    author = {Ranzato, Marc'Aurelio and Krizhevsky, Alex and Hinton, Geoffrey},
    booktitle = {Proceedings of the Thirteenth International Conference on
        Artificial Intelligence and Statistics (AISTATS 2010)},
    title = {{Factored 3-Way Restricted Boltzmann Machines for Modeling Natural Images}},
    year = {2010},
    publisher = {JMLR W\&CP},
    series = {JMLR Workshop and Conference Proceedings},
    volume = {9},
    year = {2010},
    pages = {621--628},
}

@inproceedings{Tieleman2009,
    author = {Tieleman, Tijmen and Hinton, Geoffrey},
    title = {{Using fast weights to improve persistent contrastive divergence}},
    booktitle = {Proceedings of the 26th Annual International Conference on
        Machine Learning (ICML 2009)},
    year = {2009},
    pages = {1033--1040},
    publisher = {ACM},
    address = {New York, NY, USA}
} 


@inproceedings{Carreira-Perpinan2005,
    author = {Carreira-Perpi\~{n}\'{a}n, M. A. and Hinton, Geoffrey},
    booktitle = {Proceedings of the Tenth International Workshop
        on Artificial Intelligence and Statistics, Jan 6-8, 2005,
        Savannah Hotel, Barbados},
    editor = {Cowell, Robert G. and Ghahramani, Zoubin},
    howpublished = {Online},
    journal = {Proceedings of the Tenth International Workshop on Artificial Intelligence and Statistics},
    organization = {Society for Artificial Intelligence and Statistics},
    pages = {33--40},
    title = {On Contrastive Divergence Learning},
    year = {2005}
}


@article{Hinton2006,
    author = {Hinton, Geoffrey and Salakhutdinov, R.},
    journal = {Science},
    keywords = {algorithm, compexity, computation, data, neural\_networks},
    month = jul,
    number = {5786},
    pages = {504--507},
    title = {Reducing the dimensionality of data with neural networks}, 
    volume = {313},
    year = {2006}
}

@incollection{Salakhutdinov2009,
    title = {Learning in {M}arkov random fields using tempered transitions},
    author = {Ruslan Salakhutdinov},
    booktitle = {Advances in Neural Information Processing Systems 22},
    editor = {Y. Bengio and D. Schuurmans and J. Lafferty and C. K. I.
        Williams and A. Culotta},
    pages = {1598--1606},
    year = {2009}
}

@incollection{Lee2007,
    title = {Sparse deep belief net model for visual area {V2}},
    author = {Honglak Lee and Chaitanya Ekanadham and Andrew Ng},
    booktitle = {Advances in Neural Information Processing Systems 20},
    editor = {J.C. Platt and D. Koller and Y. Singer and S. Roweis},
    publisher = {MIT Press},
    address = {Cambridge, MA},
    pages = {873--880},
    year = {2008}
}

@article{Ackley1985,
    author = {Ackley, David H. and Hinton, Geoffrey  and Sejnowski, Terrence J.},
    title = {{A learning algorithm for Boltzmann machines}},
    journal = {Cognitive Science},
    year = {1985},
    volume = {9},
    pages = {147--169}
}

@article{Roux2008,
    author = {{Le Roux}, Nicolas and Bengio, Yoshua},
    title = {{Representational power of restricted Boltzmann machines and deep belief networks}},
    journal = {Neural Computation},
    volume = {20},
    issue = {6},
    month = jun,
    year = {2008},
    pages = {1631--1649},
    numpages = {19},
    publisher = {MIT Press},
    address = {Cambridge, MA, USA}
}

@INPROCEEDINGS{Cho2010,
    author={KyungHyun Cho and Raiko, T. and Ilin, A.}, 
    booktitle={Proceedings of the 2010 International Joint Conference
        on Neural Networks (IJCNN 2010)}, 
    title={Parallel tempering is efficient for learning restricted
            Boltzmann machines}, 
    year={2010}, 
    month=jul,
    pages={1--8}, 
}

@inproceedings{Tieleman2008,
    author = {Tieleman, Tijmen},
    title = {{Training restricted Boltzmann machines using approximations to the likelihood gradient}},
    booktitle = {Proceedings of the 25th Internation Conference on Machine Learning (ICML 2008)},
    year = {2008},
    location = {Helsinki, Finland},
    numpages = {8},
    publisher = {ACM},
    address = {New York, NY, USA},
    pages = {1064--1071}
}


@article{Hinton2002,
    author = {Hinton, Geoffrey},
    title = {Training products of experts by minimizing contrastive divergence},
    journal = {Neural Computation},
    volume = {14},
    issue = {8},
    month = aug,
    year = {2002},
    pages = {1771--1800}
}

@incollection{Smolensky1986,
    author = {Smolensky, P.},
    title = {{Information processing in dynamical systems: foundations of harmony theory}},
    booktitle = {Parallel distributed processing: explorations in the microstructure of cognition, vol. 1: foundations},
    year = {1986},
    pages = {194--281},
    publisher = {MIT Press},
    address = {Cambridge, MA, USA}
}

@book{MacKay2002,
    author = {Mackay, David J. C.},
    edition = {1st},
    howpublished = {Hardcover},
    keywords = {information, method, optimal},
    month = jun,
    publisher = {{Cambridge University Press}},
    title = {{Information Theory, Inference \& Learning Algorithms}},
    year = {2002}
}

@book{Haykin1998,
    author = {Haykin, Simon},
    publisher = {Prentice-Hall},
    title = {Neural Networks: A Comprehensive Foundation (2nd ed.)}},
    year = {1998}
}

@inproceedings{Schulz2010,
    author = {Schulz, Hannes and M\"uller, Andreas and Behnke, Sven},
    booktitle = {NIPS 2010 Workshop on Deep Learning and Unsupervised Feature Learning},
    title = {{Investigating Convergence of Restricted Boltzmann Machine Learning}},
    year = {2010}
}

@inproceedings{Sutskever2010,
    author = {Sutskever, Ilya and Tieleman, Tijmen},
    booktitle = {Proceedings of the Thirteenth International Conference on Artificial Intelligence and Statistics},
    title = {{On the Convergence Properties of Contrastive Divergence}},
    year = {2010}
}

@inproceedings{Marlin2010,
    author = {Marlin, Benjamin M. and Swersky, Kevin and Chen, Bo and {de
        Freitas}, Nando},
    booktitle = {Proceedings of the Thirteenth Internation Conference on Artificial Intelligence and
             Statistics (AISTATS 2010)},
    pages = {509--516},
    title = {Inductive principles for restricted {B}oltzmann machine learning},
    year = {2010},
    publisher = {JMLR W\&CP},
    series = {JMLR Workshop and Conference Proceedings},
    volume = {9},
}

@inproceedings{Desjardins2010,
    author = {Desjardins, Guillaume and Courville, Aaron and Bengio, Yoshua and Vincent,
              Pascal and Delalleau, Olivier},
    editor = {Yee-Whye Teh and Mike Titterington},
    booktitle = {Proceedings of the Thirteenth International Conference on
        Artificial Intelligence and Statistics (AISTATS 2010)},
    pages = {145--152},
    title = {Parallel tempering for training of restricted {B}oltzmann machines},
    year = {2010},
    publisher = {JMLR W\&CP},
    series = {JMLR Workshop and Conference Proceedings},
    volume = {9},
}

@inproceedings{Fischer2010,
    author = {Fischer, Asja and Igel, Christian},
    title = {{Empirical analysis of the divergence of Gibbs sampling based
        learning algorithms for restricted Boltzmann machines}},
    booktitle = {Proceedings of the 20th international conference on Artificial neural networks: Part III},
    series = {ICANN'10},
    year = {2010},
    location = {Thessaloniki, Greece},
    pages = {208--217},
    numpages = {10},
    acmid = {1886464},
    publisher = {Springer-Verlag},
    address = {Berlin, Heidelberg},
    keywords = {contrastive divergence, gibbs sampling, restricted boltzmann machines, unsupervised learning}
}

@inproceedings{Bergstra2010,
    author = {Bergstra, James and Bastien Fr\'ed\'ric and Turian, Joseph and
        Pascanu, Razvan and Delalleau, Olivier and Breuleux, Olivier and
            Lamblin, Pascal and Desjardins, Guillaume and Erhan, Dumitru and
            Bengio, Yoshua},
    title = {{Deep Learning on GPUs with Theano}},
    booktitle = {{The Learning Workshop}},
    note = {Abstract only},
    year = {2010}
}

@inproceedings{Muller2010,
    author    = {M\"uller, Andreas and Schulz, Hannes and Behnke, Sven},
    title     = {Topological Features in Locally Connected {RBM}s},
    booktitle = {Proceedings of the International Joint Conference on Neural Networks (IJCNN 2010)},
    month = jul,
    year = {2010}
}

@incollection{Hinton2012rbm,
    year={2012},
    booktitle={Neural Networks: Tricks of the Trade},
    volume={7700},
    series={Lecture Notes in Computer Science},
    editor={Montavon, Gr\'egoire and Orr, Genevi\`eve B. and M\"uller, Klaus-Robert},
    title={A Practical Guide to Training Restricted {B}oltzmann Machines},
    publisher={Springer Berlin Heidelberg},
    author={Hinton, Geoffrey},
    pages={599--619}
}

@phdthesis{Salakhutdinov2009t,
    author = {Salakhutdinov, R.},
    booktitle = {Science},
    publisher = {University of Toronto},
    school = {University of Toronto},
    title = {LEARNING DEEP GENERATIVE MODELS},
    year = {2009}
}

@article{Neal2001,
    author = {Neal, Radford},
    journal = {Statistics and Computing},
    keywords = {constants,estimation of normalizing,free energy computation,sequential importance sampling,tempered transitions},
    number = {2},
    pages = {125--139},
    publisher = {Springer},
    title = {{Annealed importance sampling}},
    volume = {11},
    year = {2001}
}

@misc{Desjardins2009,
    author = {Desjardins, G. and Courville, A. and Bengio, Y. and Vincent, P. and Delalleau, O.},
    institution = {Universit\'{e}e de Montr\'{e}al},
    number = {1345},
    pages = {1--10},
    title = {{Tempered Markov Chain Monte Carlo for training of Restricted Boltzmann Machines}},
    year = {2009}
}

@article{Jaeger2009,
    author = {Luko\v{s}Evi\v{c}Ius, Mantas and Jaeger, Herbert},
    title = {Survey: Reservoir Computing Approaches to Recurrent Neural
        Network Training},
    journal = {Computer Science Review},
    volume = {3},
    number = {3},
    month = aug,
    year = {2009},
    pages = {127--149},
    publisher = {Elsevier Science Publishers B. V.},
    address = {Amsterdam, The Netherlands, The Netherlands},
} 

